event_type,price,symbol,id,side,size,cross_seq,timestamp_e6
delete,47660.00,BTCUSD,476600000,Buy,,4775819908,1640274379247565
insert,48701.00,BTCUSD,487010000,Buy,902,4775819908,1640274379247565
update,48763.00,BTCUSD,487630000,Sell,57820,4775819912,1640274380247486
update,48762.50,BTCUSD,487625000,Sell,77610,4775819912,1640274380247486
update,48744.00,BTCUSD,487440000,Buy,162010,4775819912,1640274380247486
update,48762.00,BTCUSD,487620000,Sell,52370,4775819912,1640274380247486
update,48761.00,BTCUSD,487610000,Sell,15840,4775819916,1640274382147601
update,48746.50,BTCUSD,487465000,Buy,121820,4775819916,1640274382147601
update,48746.00,BTCUSD,487460000,Buy,62800,4775819916,1640274382147601
update,48678.00,BTCUSD,486780000,Buy,100,4775819917,1640274382347618
update,48760.00,BTCUSD,487600000,Sell,78150,4775819918,1640274382847562
update,48744.00,BTCUSD,487440000,Buy,34160,4775819924,1640274384147756
update,48763.00,BTCUSD,487630000,Sell,177850,4775819924,1640274384147756
update,48744.50,BTCUSD,487445000,Buy,72480,4775819924,1640274384147756
update,48762.50,BTCUSD,487625000,Sell,17070,4775819924,1640274384147756
update,48762.00,BTCUSD,487620000,Sell,126400,4775819924,1640274384147756
update,48686.00,BTCUSD,486860000,Buy,15,4775819925,1640274384247820
update,48678.00,BTCUSD,486780000,Buy,264,4775819926,1640274384347564
delete,48809.00,BTCUSD,488090000,Sell,,4775819927,1640274384947581
insert,49317.00,BTCUSD,493170000,Sell,1079,4775819927,1640274384947581
update,48799.50,BTCUSD,487995000,Sell,911,4775819928,1640274386047939
update,48762.50,BTCUSD,487625000,Sell,178800,4775819937,1640274386147491
update,48762.00,BTCUSD,487620000,Sell,20900,4775819937,1640274386147491
update,48760.50,BTCUSD,487605000,Sell,25250,4775819937,1640274386147491
update,48773.00,BTCUSD,487730000,Sell,158100,4775819937,1640274386147491
update,48761.00,BTCUSD,487610000,Sell,110910,4775819937,1640274386147491
update,48747.00,BTCUSD,487470000,Buy,98790,4775819937,1640274386147491
update,48763.00,BTCUSD,487630000,Sell,68350,4775819937,1640274386147491
update,48744.00,BTCUSD,487440000,Buy,107630,4775819937,1640274386147491
update,48761.50,BTCUSD,487615000,Sell,22390,4775819946,1640274388147926
update,48746.50,BTCUSD,487465000,Buy,30740,4775819946,1640274388147926
update,48762.00,BTCUSD,487620000,Sell,113410,4775819946,1640274388147926
update,48744.00,BTCUSD,487440000,Buy,191640,4775819946,1640274388147926
update,48773.00,BTCUSD,487730000,Sell,54710,4775819946,1640274388147926
update,48745.00,BTCUSD,487450000,Buy,15370,4775819946,1640274388147926
update,48761.00,BTCUSD,487610000,Sell,27190,4775819946,1640274388147926
update,48799.50,BTCUSD,487995000,Sell,1011,4775819947,1640274388847967
delete,48744.00,BTCUSD,487440000,Buy,,4775819977,1640274389647636
delete,48746.00,BTCUSD,487460000,Buy,,4775819977,1640274389647636
delete,48746.50,BTCUSD,487465000,Buy,,4775819977,1640274389647636
delete,48745.00,BTCUSD,487450000,Buy,,4775819977,1640274389647636
delete,48748.00,BTCUSD,487480000,Buy,,4775819977,1640274389647636
delete,48744.50,BTCUSD,487445000,Buy,,4775819977,1640274389647636
delete,48745.50,BTCUSD,487455000,Buy,,4775819977,1640274389647636
delete,48747.00,BTCUSD,487470000,Buy,,4775819977,1640274389647636
update,48773.00,BTCUSD,487730000,Sell,5700,4775819977,1640274389647636
update,48761.50,BTCUSD,487615000,Sell,84960,4775819977,1640274389647636
update,48762.50,BTCUSD,487625000,Sell,106300,4775819977,1640274389647636
update,48762.00,BTCUSD,487620000,Sell,7850,4775819977,1640274389647636
update,48763.00,BTCUSD,487630000,Sell,32120,4775819977,1640274389647636
insert,47660.00,BTCUSD,476600000,Buy,40,4775819977,1640274389647636
insert,48741.50,BTCUSD,487415000,Buy,113540,4775819977,1640274389647636
insert,48720.50,BTCUSD,487205000,Buy,209160,4775819977,1640274389647636
insert,47638.00,BTCUSD,476380000,Buy,486,4775819977,1640274389647636
insert,47640.00,BTCUSD,476400000,Buy,40,4775819977,1640274389647636
insert,48741.00,BTCUSD,487410000,Buy,131140,4775819977,1640274389647636
insert,48743.00,BTCUSD,487430000,Buy,128570,4775819977,1640274389647636
insert,48740.50,BTCUSD,487405000,Buy,102960,4775819977,1640274389647636
delete,48720.50,BTCUSD,487205000,Buy,,4775819988,1640274389747732
delete,47640.00,BTCUSD,476400000,Buy,,4775819988,1640274389747732
delete,47638.00,BTCUSD,476380000,Buy,,4775819988,1640274389747732
delete,48743.00,BTCUSD,487430000,Buy,,4775819988,1640274389747732
update,48760.50,BTCUSD,487605000,Sell,122570,4775819988,1640274389747732
update,48740.00,BTCUSD,487400000,Buy,148500,4775819988,1640274389747732
update,48763.00,BTCUSD,487630000,Sell,165370,4775819988,1640274389747732
update,48740.50,BTCUSD,487405000,Buy,39180,4775819988,1640274389747732
update,48686.00,BTCUSD,486860000,Buy,16,4775819988,1640274389747732
insert,48739.50,BTCUSD,487395000,Buy,118400,4775819988,1640274389747732
insert,48719.50,BTCUSD,487195000,Buy,186190,4775819988,1640274389747732
insert,48742.00,BTCUSD,487420000,Buy,124670,4775819988,1640274389747732
insert,48742.50,BTCUSD,487425000,Buy,98870,4775819988,1640274389747732
delete,47660.00,BTCUSD,476600000,Buy,,4775819989,1640274389847780
insert,48743.50,BTCUSD,487435000,Buy,12000,4775819989,1640274389847780
delete,48421.00,BTCUSD,484210000,Buy,,4775819994,1640274390947531
delete,48422.50,BTCUSD,484225000,Buy,,4775819994,1640274390947531
update,48799.50,BTCUSD,487995000,Sell,7,4775819994,1640274390947531
insert,48148.50,BTCUSD,481485000,Buy,61405,4775819994,1640274390947531
insert,47660.00,BTCUSD,476600000,Buy,40,4775819994,1640274390947531
delete,49317.00,BTCUSD,493170000,Sell,,4775820001,1640274391147538
update,48761.00,BTCUSD,487610000,Sell,125470,4775820001,1640274391147538
update,48773.00,BTCUSD,487730000,Sell,139260,4775820001,1640274391147538
update,48763.00,BTCUSD,487630000,Sell,3340,4775820001,1640274391147538
update,48741.00,BTCUSD,487410000,Buy,39420,4775820001,1640274391147538
update,48742.00,BTCUSD,487420000,Buy,41280,4775820001,1640274391147538
insert,48789.50,BTCUSD,487895000,Sell,1004,4775820001,1640274391147538
update,48760.50,BTCUSD,487605000,Sell,4180,4775820007,1640274393147516
update,48762.50,BTCUSD,487625000,Sell,17700,4775820007,1640274393147516
update,48719.50,BTCUSD,487195000,Buy,8200,4775820007,1640274393147516
update,48740.00,BTCUSD,487400000,Buy,7190,4775820007,1640274393147516
update,48762.00,BTCUSD,487620000,Sell,125840,4775820007,1640274393147516
delete,48743.50,BTCUSD,487435000,Buy,,4775820009,1640274394047628
insert,48743.00,BTCUSD,487430000,Buy,12000,4775820009,1640274394047628
delete,48742.50,BTCUSD,487425000,Buy,,4775820016,1640274395147561
update,48740.50,BTCUSD,487405000,Buy,108510,4775820016,1640274395147561
update,48740.00,BTCUSD,487400000,Buy,132080,4775820016,1640274395147561
update,48760.50,BTCUSD,487605000,Sell,99560,4775820016,1640274395147561
update,48762.50,BTCUSD,487625000,Sell,153700,4775820016,1640274395147561
update,48739.50,BTCUSD,487395000,Buy,57900,4775820016,1640274395147561
update,48741.50,BTCUSD,487415000,Buy,53330,4775820016,1640274395147561
insert,47640.00,BTCUSD,476400000,Buy,40,4775820016,1640274395147561
update,48686.00,BTCUSD,486860000,Buy,17,4775820017,1640274395347654
delete,47640.00,BTCUSD,476400000,Buy,,4775820024,1640274397347806
delete,47660.00,BTCUSD,476600000,Buy,,4775820024,1640274397347806
update,48773.00,BTCUSD,487730000,Sell,60180,4775820024,1640274397347806
update,48762.50,BTCUSD,487625000,Sell,77610,4775820024,1640274397347806
update,48741.00,BTCUSD,487410000,Buy,138200,4775820024,1640274397347806
update,48762.00,BTCUSD,487620000,Sell,52370,4775820024,1640274397347806
update,48678.00,BTCUSD,486780000,Buy,100,4775820024,1640274397347806
insert,48739.00,BTCUSD,487390000,Buy,162010,4775820024,1640274397347806
insert,48719.00,BTCUSD,487190000,Buy,206580,4775820024,1640274397347806
delete,48740.50,BTCUSD,487405000,Buy,,4775820052,1640274398648198
delete,48742.00,BTCUSD,487420000,Buy,,4775820052,1640274398648198
delete,48719.00,BTCUSD,487190000,Buy,,4775820052,1640274398648198
delete,48741.00,BTCUSD,487410000,Buy,,4775820052,1640274398648198
delete,48741.50,BTCUSD,487415000,Buy,,4775820052,1640274398648198
delete,48719.50,BTCUSD,487195000,Buy,,4775820052,1640274398648198
delete,48743.00,BTCUSD,487430000,Buy,,4775820052,1640274398648198
update,48740.00,BTCUSD,487400000,Buy,20,4775820052,1640274398648198
update,48739.50,BTCUSD,487395000,Buy,64420,4775820052,1640274398648198
update,48762.00,BTCUSD,487620000,Sell,126400,4775820052,1640274398648198
update,48762.50,BTCUSD,487625000,Sell,17070,4775820052,1640274398648198
update,48724.00,BTCUSD,487240000,Buy,58190,4775820052,1640274398648198
update,48763.00,BTCUSD,487630000,Sell,123370,4775820052,1640274398648198
update,48761.00,BTCUSD,487610000,Sell,15840,4775820052,1640274398648198
insert,47660.00,BTCUSD,476600000,Buy,40,4775820052,1640274398648198
insert,48737.50,BTCUSD,487375000,Buy,126710,4775820052,1640274398648198
insert,48738.00,BTCUSD,487380000,Buy,122120,4775820052,1640274398648198
insert,47638.00,BTCUSD,476380000,Buy,486,4775820052,1640274398648198
insert,48716.50,BTCUSD,487165000,Buy,196920,4775820052,1640274398648198
insert,48737.00,BTCUSD,487370000,Buy,72480,4775820052,1640274398648198
insert,47640.00,BTCUSD,476400000,Buy,40,4775820052,1640274398648198
delete,47638.00,BTCUSD,476380000,Buy,,4775820078,1640274398747526
delete,47640.00,BTCUSD,476400000,Buy,,4775820078,1640274398747526
delete,48739.00,BTCUSD,487390000,Buy,,4775820078,1640274398747526
delete,47660.00,BTCUSD,476600000,Buy,,4775820078,1640274398747526
delete,48739.50,BTCUSD,487395000,Buy,,4775820078,1640274398747526
update,48773.00,BTCUSD,487730000,Sell,5700,4775820078,1640274398747526
update,48761.00,BTCUSD,487610000,Sell,27190,4775820078,1640274398747526
update,48762.00,BTCUSD,487620000,Sell,113410,4775820078,1640274398747526
update,48763.00,BTCUSD,487630000,Sell,68350,4775820078,1640274398747526
update,48762.50,BTCUSD,487625000,Sell,178800,4775820078,1640274398747526
update,48738.00,BTCUSD,487380000,Buy,12000,4775820078,1640274398747526
update,48761.50,BTCUSD,487615000,Sell,22390,4775820078,1640274398747526
update,48760.50,BTCUSD,487605000,Sell,25250,4775820078,1640274398747526
update,48737.50,BTCUSD,487375000,Buy,64390,4775820078,1640274398747526
update,48716.50,BTCUSD,487165000,Buy,34130,4775820078,1640274398747526
insert,48735.50,BTCUSD,487355000,Buy,15370,4775820078,1640274398747526
insert,48735.00,BTCUSD,487350000,Buy,69580,4775820078,1640274398747526
insert,48736.00,BTCUSD,487360000,Buy,88800,4775820078,1640274398747526
insert,48734.50,BTCUSD,487345000,Buy,191640,4775820078,1640274398747526
insert,48736.50,BTCUSD,487365000,Buy,41490,4775820078,1640274398747526
update,48678.00,BTCUSD,486780000,Buy,264,4775820079,1640274399147663
delete,48833.00,BTCUSD,488330000,Sell,,4775820080,1640274399447904
insert,49317.00,BTCUSD,493170000,Sell,1079,4775820080,1640274399447904
delete,48737.50,BTCUSD,487375000,Buy,,4775820089,1640274400147959
update,48736.50,BTCUSD,487365000,Buy,128570,4775820089,1640274400147959
update,48762.50,BTCUSD,487625000,Sell,106300,4775820089,1640274400147959
update,48773.00,BTCUSD,487730000,Sell,161990,4775820089,1640274400147959
update,48762.00,BTCUSD,487620000,Sell,7850,4775820089,1640274400147959
update,48761.50,BTCUSD,487615000,Sell,84960,4775820089,1640274400147959
update,48734.50,BTCUSD,487345000,Buy,131140,4775820089,1640274400147959
insert,48714.00,BTCUSD,487140000,Buy,209160,4775820089,1640274400147959
delete,48759.50,BTCUSD,487595000,Buy,,4775820093,1640274400347496
delete,49008.50,BTCUSD,490085000,Sell,,4775820093,1640274400347496
delete,48415.50,BTCUSD,484155000,Buy,,4775820093,1640274400347496
delete,48740.00,BTCUSD,487400000,Buy,,4775820093,1640274400347496
delete,48750.00,BTCUSD,487500000,Buy,,4775820093,1640274400347496
update,48143.00,BTCUSD,481430000,Buy,58899,4775820093,1640274400347496
update,48738.00,BTCUSD,487380000,Buy,11756,4775820093,1640274400347496
insert,49318.00,BTCUSD,493180000,Sell,264,4775820093,1640274400347496
insert,47640.00,BTCUSD,476400000,Buy,40,4775820093,1640274400347496
insert,47637.00,BTCUSD,476370000,Buy,125,4775820093,1640274400347496
insert,47660.00,BTCUSD,476600000,Buy,40,4775820093,1640274400347496
insert,47638.00,BTCUSD,476380000,Buy,486,4775820093,1640274400347496
delete,47637.00,BTCUSD,476370000,Buy,,4775820095,1640274400547622
delete,47638.00,BTCUSD,476380000,Buy,,4775820095,1640274400547622
insert,48540.00,BTCUSD,485400000,Buy,20,4775820095,1640274400547622
insert,48550.00,BTCUSD,485500000,Buy,20,4775820095,1640274400547622
delete,48760.50,BTCUSD,487605000,Sell,,4775820126,1640274400847908
delete,49305.50,BTCUSD,493055000,Sell,,4775820126,1640274400847908
delete,49316.50,BTCUSD,493165000,Sell,,4775820126,1640274400847908
delete,48761.00,BTCUSD,487610000,Sell,,4775820126,1640274400847908
delete,48783.50,BTCUSD,487835000,Sell,,4775820126,1640274400847908
delete,48762.00,BTCUSD,487620000,Sell,,4775820126,1640274400847908
delete,48714.00,BTCUSD,487140000,Buy,,4775820126,1640274400847908
delete,49317.00,BTCUSD,493170000,Sell,,4775820126,1640274400847908
delete,49311.00,BTCUSD,493110000,Sell,,4775820126,1640274400847908
delete,48761.50,BTCUSD,487615000,Sell,,4775820126,1640274400847908
update,48773.00,BTCUSD,487730000,Sell,5700,4775820126,1640274400847908
update,48760.00,BTCUSD,487600000,Sell,21280,4775820126,1640274400847908
update,48735.50,BTCUSD,487355000,Buy,149110,4775820126,1640274400847908
update,48686.00,BTCUSD,486860000,Buy,18,4775820126,1640274400847908
update,48716.50,BTCUSD,487165000,Buy,18610,4775820126,1640274400847908
update,49036.00,BTCUSD,490360000,Sell,91196,4775820126,1640274400847908
insert,48740.00,BTCUSD,487400000,Sell,12000,4775820126,1640274400847908
insert,49041.50,BTCUSD,490415000,Sell,61227,4775820126,1640274400847908
insert,48739.50,BTCUSD,487395000,Sell,122570,4775820126,1640274400847908
insert,49030.50,BTCUSD,490305000,Sell,58621,4775820126,1640274400847908
insert,48734.00,BTCUSD,487340000,Buy,60210,4775820126,1640274400847908
insert,48740.50,BTCUSD,487405000,Sell,95220,4775820126,1640274400847908
insert,48741.50,BTCUSD,487415000,Sell,74080,4775820126,1640274400847908
insert,48739.00,BTCUSD,487390000,Sell,77640,4775820126,1640274400847908
insert,49047.00,BTCUSD,490470000,Sell,94018,4775820126,1640274400847908
insert,48742.00,BTCUSD,487420000,Sell,165370,4775820126,1640274400847908
update,49047.00,BTCUSD,490470000,Sell,50880,4775820127,1640274401147572
update,48738.00,BTCUSD,487380000,Buy,9056,4775820128,1640274401847574
update,48736.50,BTCUSD,487365000,Buy,41280,4775820134,1640274402147617
update,48735.00,BTCUSD,487350000,Buy,5020,4775820134,1640274402147617
update,48735.50,BTCUSD,487355000,Buy,39420,4775820134,1640274402147617
update,48740.00,BTCUSD,487400000,Sell,137470,4775820134,1640274402147617
update,48742.00,BTCUSD,487420000,Sell,3340,4775820134,1640274402147617
delete,48701.00,BTCUSD,487010000,Buy,,4775820136,1640274402947579
delete,48789.50,BTCUSD,487895000,Sell,,4775820136,1640274402947579
insert,49322.00,BTCUSD,493220000,Sell,20,4775820136,1640274402947579
insert,47638.00,BTCUSD,476380000,Buy,486,4775820136,1640274402947579
delete,48802.00,BTCUSD,488020000,Sell,,4775820137,1640274403247490
insert,48789.00,BTCUSD,487890000,Sell,2939,4775820137,1640274403247490
delete,49149.00,BTCUSD,491490000,Sell,,4775820138,1640274403347512
insert,49119.00,BTCUSD,491190000,Sell,2196,4775820138,1640274403347512
delete,47638.00,BTCUSD,476380000,Buy,,4775820141,1640274403547485
delete,49322.00,BTCUSD,493220000,Sell,,4775820141,1640274403547485
update,48739.00,BTCUSD,487390000,Sell,77340,4775820141,1640274403547485
insert,48699.00,BTCUSD,486990000,Buy,801,4775820141,1640274403547485
insert,48798.00,BTCUSD,487980000,Sell,1004,4775820141,1640274403547485
delete,49304.00,BTCUSD,493040000,Sell,,4775820148,1640274404154682
delete,49318.00,BTCUSD,493180000,Sell,,4775820148,1640274404154682
delete,49314.00,BTCUSD,493140000,Sell,,4775820148,1640274404154682
update,48739.50,BTCUSD,487395000,Sell,4180,4775820148,1640274404154682
update,48734.50,BTCUSD,487345000,Buy,7170,4775820148,1640274404154682
update,48742.00,BTCUSD,487420000,Sell,158140,4775820148,1640274404154682
update,48735.00,BTCUSD,487350000,Buy,90140,4775820148,1640274404154682
insert,48752.00,BTCUSD,487520000,Sell,176410,4775820148,1640274404154682
insert,48745.00,BTCUSD,487450000,Sell,10,4775820148,1640274404154682
insert,48741.00,BTCUSD,487410000,Sell,125840,4775820148,1640274404154682
delete,49303.50,BTCUSD,493035000,Sell,,4775820149,1640274404348591
insert,48750.00,BTCUSD,487500000,Sell,10,4775820149,1640274404348591
delete,49298.00,BTCUSD,492980000,Sell,,4775820150,1640274404647668
insert,48755.00,BTCUSD,487550000,Sell,10,4775820150,1640274404647668
update,48760.00,BTCUSD,487600000,Sell,21290,4775820151,1640274404847507
delete,49297.50,BTCUSD,492975000,Sell,,4775820152,1640274405847586
insert,49008.50,BTCUSD,490085000,Sell,300,4775820152,1640274405847586
delete,48752.00,BTCUSD,487520000,Sell,,4775820159,1640274406147563
delete,48724.00,BTCUSD,487240000,Buy,,4775820159,1640274406147563
update,48734.00,BTCUSD,487340000,Buy,8400,4775820159,1640274406147563
update,48742.00,BTCUSD,487420000,Sell,140860,4775820159,1640274406147563
update,48741.50,BTCUSD,487415000,Sell,153700,4775820159,1640274406147563
update,48739.50,BTCUSD,487395000,Sell,99560,4775820159,1640274406147563
update,48735.50,BTCUSD,487355000,Buy,108510,4775820159,1640274406147563
insert,49297.50,BTCUSD,492975000,Sell,55830,4775820159,1640274406147563
insert,47638.00,BTCUSD,476380000,Buy,486,4775820159,1640274406147563
delete,47680.00,BTCUSD,476800000,Buy,,4775820186,1640274406748161
delete,47680.50,BTCUSD,476805000,Buy,,4775820186,1640274406748161
delete,48739.00,BTCUSD,487390000,Sell,,4775820186,1640274406748161
delete,47700.00,BTCUSD,477000000,Buy,,4775820186,1640274406748161
delete,47705.00,BTCUSD,477050000,Buy,,4775820186,1640274406748161
delete,48763.00,BTCUSD,487630000,Sell,,4775820186,1640274406748161
delete,47640.00,BTCUSD,476400000,Buy,,4775820186,1640274406748161
delete,47660.00,BTCUSD,476600000,Buy,,4775820186,1640274406748161
delete,47676.50,BTCUSD,476765000,Buy,,4775820186,1640274406748161
delete,47638.00,BTCUSD,476380000,Buy,,4775820186,1640274406748161
delete,48739.50,BTCUSD,487395000,Sell,,4775820186,1640274406748161
update,48736.50,BTCUSD,487365000,Buy,113290,4775820186,1640274406748161
update,48741.00,BTCUSD,487410000,Sell,137840,4775820186,1640274406748161
update,48742.00,BTCUSD,487420000,Sell,52370,4775820186,1640274406748161
update,48233.00,BTCUSD,482330000,Buy,50609,4775820186,1640274406748161
update,48762.50,BTCUSD,487625000,Sell,17530,4775820186,1640274406748161
update,48740.00,BTCUSD,487400000,Sell,125470,4775820186,1640274406748161
update,48738.00,BTCUSD,487380000,Buy,62040,4775820186,1640274406748161
update,48737.00,BTCUSD,487370000,Buy,138200,4775820186,1640274406748161
update,48175.00,BTCUSD,481750000,Buy,1072,4775820186,1640274406748161
update,48736.00,BTCUSD,487360000,Buy,156390,4775820186,1640274406748161
insert,48288.00,BTCUSD,482880000,Buy,85245,4775820186,1640274406748161
insert,48222.00,BTCUSD,482220000,Buy,88864,4775820186,1640274406748161
insert,48742.50,BTCUSD,487425000,Sell,77610,4775820186,1640274406748161
insert,48715.00,BTCUSD,487150000,Buy,206580,4775820186,1640274406748161
insert,49298.00,BTCUSD,492980000,Sell,21272,4775820186,1640274406748161
insert,48260.50,BTCUSD,482605000,Buy,89503,4775820186,1640274406748161
insert,48365.00,BTCUSD,483650000,Buy,60051,4775820186,1640274406748161
insert,48387.00,BTCUSD,483870000,Buy,82241,4775820186,1640274406748161
insert,49303.50,BTCUSD,493035000,Sell,51238,4775820186,1640274406748161
insert,48725.00,BTCUSD,487250000,Buy,176220,4775820186,1640274406748161
insert,48304.50,BTCUSD,483045000,Buy,93096,4775820186,1640274406748161
delete,48740.50,BTCUSD,487405000,Sell,,4775820239,1640274406847925
delete,48734.50,BTCUSD,487345000,Buy,,4775820239,1640274406847925
delete,48742.50,BTCUSD,487425000,Sell,,4775820239,1640274406847925
delete,48716.50,BTCUSD,487165000,Buy,,4775820239,1640274406847925
delete,48741.50,BTCUSD,487415000,Sell,,4775820239,1640274406847925
delete,48735.00,BTCUSD,487350000,Buy,,4775820239,1640274406847925
delete,48736.50,BTCUSD,487365000,Buy,,4775820239,1640274406847925
delete,48737.00,BTCUSD,487370000,Buy,,4775820239,1640274406847925
delete,48736.00,BTCUSD,487360000,Buy,,4775820239,1640274406847925
delete,48296.00,BTCUSD,482960000,Buy,,4775820239,1640274406847925
delete,48740.00,BTCUSD,487400000,Sell,,4775820239,1640274406847925
delete,48735.50,BTCUSD,487355000,Buy,,4775820239,1640274406847925
delete,49030.50,BTCUSD,490305000,Sell,,4775820239,1640274406847925
delete,48734.00,BTCUSD,487340000,Buy,,4775820239,1640274406847925
delete,48742.00,BTCUSD,487420000,Sell,,4775820239,1640274406847925
delete,49250.50,BTCUSD,492505000,Sell,,4775820239,1640274406847925
update,48374.00,BTCUSD,483740000,Buy,738,4775820239,1640274406847925
update,48715.00,BTCUSD,487150000,Buy,20070,4775820239,1640274406847925
update,48298.00,BTCUSD,482980000,Buy,2546,4775820239,1640274406847925
update,49129.50,BTCUSD,491295000,Sell,18556,4775820239,1640274406847925
update,48798.00,BTCUSD,487980000,Sell,904,4775820239,1640274406847925
update,48745.00,BTCUSD,487450000,Sell,96690,4775820239,1640274406847925
update,49249.00,BTCUSD,492490000,Sell,3696,4775820239,1640274406847925
update,48741.00,BTCUSD,487410000,Sell,12000,4775820239,1640274406847925
update,48738.00,BTCUSD,487380000,Buy,72480,4775820239,1640274406847925
update,48725.00,BTCUSD,487250000,Buy,58190,4775820239,1640274406847925
insert,48766.00,BTCUSD,487660000,Sell,26400,4775820239,1640274406847925
insert,47680.50,BTCUSD,476805000,Buy,8000,4775820239,1640274406847925
insert,48740.00,BTCUSD,487400000,Buy,110190,4775820239,1640274406847925
insert,49047.50,BTCUSD,490475000,Sell,69283,4775820239,1640274406847925
insert,48743.50,BTCUSD,487435000,Sell,120490,4775820239,1640274406847925
insert,49251.00,BTCUSD,492510000,Sell,61101,4775820239,1640274406847925
insert,47680.00,BTCUSD,476800000,Buy,40,4775820239,1640274406847925
insert,49130.00,BTCUSD,491300000,Sell,66204,4775820239,1640274406847925
insert,48738.50,BTCUSD,487385000,Buy,126710,4775820239,1640274406847925
insert,47700.00,BTCUSD,477000000,Buy,40,4775820239,1640274406847925
insert,48746.00,BTCUSD,487460000,Sell,177850,4775820239,1640274406847925
insert,48739.00,BTCUSD,487390000,Buy,121820,4775820239,1640274406847925
insert,48737.50,BTCUSD,487375000,Buy,34160,4775820239,1640274406847925
insert,48740.50,BTCUSD,487405000,Buy,64420,4775820239,1640274406847925
insert,47705.00,BTCUSD,477050000,Buy,100000,4775820239,1640274406847925
insert,48744.50,BTCUSD,487445000,Sell,106340,4775820239,1640274406847925
delete,48743.50,BTCUSD,487435000,Sell,,4775820271,1640274406947601
delete,47720.00,BTCUSD,477200000,Buy,,4775820271,1640274406947601
delete,49130.00,BTCUSD,491300000,Sell,,4775820271,1640274406947601
delete,47700.00,BTCUSD,477000000,Buy,,4775820271,1640274406947601
delete,47680.50,BTCUSD,476805000,Buy,,4775820271,1640274406947601
delete,47705.00,BTCUSD,477050000,Buy,,4775820271,1640274406947601
delete,48744.50,BTCUSD,487445000,Sell,,4775820271,1640274406947601
delete,48232.00,BTCUSD,482320000,Buy,,4775820271,1640274406947601
delete,47680.00,BTCUSD,476800000,Buy,,4775820271,1640274406947601
delete,49129.50,BTCUSD,491295000,Sell,,4775820271,1640274406947601
delete,48222.00,BTCUSD,482220000,Buy,,4775820271,1640274406947601
update,48233.00,BTCUSD,482330000,Buy,4981,4775820271,1640274406947601
update,48745.00,BTCUSD,487450000,Sell,10,4775820271,1640274406947601
update,48365.00,BTCUSD,483650000,Buy,2663,4775820271,1640274406947601
update,49257.00,BTCUSD,492570000,Sell,70776,4775820271,1640274406947601
update,49047.50,BTCUSD,490475000,Sell,185,4775820271,1640274406947601
update,48746.00,BTCUSD,487460000,Sell,29320,4775820271,1640274406947601
update,48740.50,BTCUSD,487405000,Buy,76420,4775820271,1640274406947601
update,48737.50,BTCUSD,487375000,Buy,107630,4775820271,1640274406947601
update,49129.00,BTCUSD,491290000,Sell,7632,4775820271,1640274406947601
update,48304.50,BTCUSD,483045000,Buy,17571,4775820271,1640274406947601
update,48224.50,BTCUSD,482245000,Buy,44351,4775820271,1640274406947601
update,48739.00,BTCUSD,487390000,Buy,54320,4775820271,1640274406947601
insert,48727.50,BTCUSD,487275000,Buy,128240,4775820271,1640274406947601
insert,48175.50,BTCUSD,481755000,Buy,90247,4775820271,1640274406947601
insert,48739.50,BTCUSD,487395000,Buy,108420,4775820271,1640274406947601
insert,49048.00,BTCUSD,490480000,Sell,93366,4775820271,1640274406947601
insert,48296.50,BTCUSD,482965000,Buy,90418,4775820271,1640274406947601
insert,48748.50,BTCUSD,487485000,Sell,178800,4775820271,1640274406947601
insert,48373.50,BTCUSD,483735000,Buy,58932,4775820271,1640274406947601
insert,48412.00,BTCUSD,484120000,Buy,54263,4775820271,1640274406947601
insert,48747.00,BTCUSD,487470000,Sell,110910,4775820271,1640274406947601
insert,48749.00,BTCUSD,487490000,Sell,68350,4775820271,1640274406947601
insert,48164.50,BTCUSD,481645000,Buy,66228,4775820271,1640274406947601
delete,48702.00,BTCUSD,487020000,Buy,,4775820300,1640274407047522
delete,49292.00,BTCUSD,492920000,Sell,,4775820300,1640274407047522
delete,48412.00,BTCUSD,484120000,Buy,,4775820300,1640274407047522
delete,49303.50,BTCUSD,493035000,Sell,,4775820300,1640274407047522
delete,49290.00,BTCUSD,492900000,Sell,,4775820300,1640274407047522
delete,48955.50,BTCUSD,489555000,Sell,,4775820300,1640274407047522
delete,49290.50,BTCUSD,492905000,Sell,,4775820300,1640274407047522
delete,49298.00,BTCUSD,492980000,Sell,,4775820300,1640274407047522
delete,48773.00,BTCUSD,487730000,Sell,,4775820300,1640274407047522
delete,49297.50,BTCUSD,492975000,Sell,,4775820300,1640274407047522
delete,48488.50,BTCUSD,484885000,Buy,,4775820300,1640274407047522
update,49251.00,BTCUSD,492510000,Sell,1209,4775820300,1640274407047522
update,49048.00,BTCUSD,490480000,Sell,24125,4775820300,1640274407047522
update,49257.00,BTCUSD,492570000,Sell,1200,4775820300,1640274407047522
update,49099.00,BTCUSD,490990000,Sell,64928,4775820300,1640274407047522
update,48288.00,BTCUSD,482880000,Buy,16513,4775820300,1640274407047522
update,49107.50,BTCUSD,491075000,Sell,954,4775820300,1640274407047522
update,49289.50,BTCUSD,492895000,Sell,7532,4775820300,1640274407047522
update,48164.50,BTCUSD,481645000,Buy,13286,4775820300,1640274407047522
update,48412.50,BTCUSD,484125000,Buy,67562,4775820300,1640274407047522
update,48260.50,BTCUSD,482605000,Buy,9450,4775820300,1640274407047522
insert,49275.00,BTCUSD,492750000,Sell,95976,4775820300,1640274407047522
insert,49291.50,BTCUSD,492915000,Sell,44672,4775820300,1640274407047522
insert,49137.50,BTCUSD,491375000,Sell,82164,4775820300,1640274407047522
insert,49258.50,BTCUSD,492585000,Sell,77445,4775820300,1640274407047522
insert,49060.50,BTCUSD,490605000,Sell,93667,4775820300,1640274407047522
insert,49209.00,BTCUSD,492090000,Sell,72824,4775820300,1640274407047522
insert,48747.50,BTCUSD,487475000,Sell,12000,4775820300,1640274407047522
insert,49115.50,BTCUSD,491155000,Sell,83300,4775820300,1640274407047522
insert,47705.00,BTCUSD,477050000,Buy,100000,4775820300,1640274407047522
insert,47720.00,BTCUSD,477200000,Buy,40,4775820300,1640274407047522
insert,48418.00,BTCUSD,484180000,Buy,91408,4775820300,1640274407047522
update,49087.00,BTCUSD,490870000,Sell,8412,4775820302,1640274407147533
update,48387.00,BTCUSD,483870000,Buy,4700,4775820302,1640274407147533
delete,47705.00,BTCUSD,477050000,Buy,,4775820303,1640274407247656
insert,48697.00,BTCUSD,486970000,Buy,5700,4775820303,1640274407247656
delete,49291.50,BTCUSD,492915000,Sell,,4775820304,1640274407347695
insert,48762.00,BTCUSD,487620000,Sell,5700,4775820304,1640274407347695
delete,49117.00,BTCUSD,491170000,Sell,,4775820306,1640274407447946
update,49115.50,BTCUSD,491155000,Sell,51748,4775820306,1640274407447946
insert,49291.50,BTCUSD,492915000,Sell,44672,4775820306,1640274407447946
delete,47720.00,BTCUSD,477200000,Buy,,4775820311,1640274407547583
delete,49274.00,BTCUSD,492740000,Sell,,4775820311,1640274407547583
delete,49273.50,BTCUSD,492735000,Sell,,4775820311,1640274407547583
update,49273.00,BTCUSD,492730000,Sell,4278,4775820311,1640274407547583
insert,49297.50,BTCUSD,492975000,Sell,55830,4775820311,1640274407547583
insert,48486.50,BTCUSD,484865000,Buy,8550,4775820311,1640274407547583
insert,49292.00,BTCUSD,492920000,Sell,8304,4775820311,1640274407547583
delete,49297.50,BTCUSD,492975000,Sell,,4775820312,1640274407747507
insert,48942.00,BTCUSD,489420000,Sell,8550,4775820312,1640274407747507
update,49275.00,BTCUSD,492750000,Sell,52988,4775820313,1640274407947528
delete,48746.00,BTCUSD,487460000,Sell,,4775820322,1640274408147736
update,48739.00,BTCUSD,487390000,Buy,122740,4775820322,1640274408147736
update,48740.00,BTCUSD,487400000,Buy,30740,4775820322,1640274408147736
update,48739.50,BTCUSD,487395000,Buy,41490,4775820322,1640274408147736
update,48748.50,BTCUSD,487485000,Sell,113410,4775820322,1640274408147736
update,48738.50,BTCUSD,487385000,Buy,15370,4775820322,1640274408147736
update,48749.00,BTCUSD,487490000,Sell,149820,4775820322,1640274408147736
insert,48749.50,BTCUSD,487495000,Sell,117360,4775820322,1640274408147736
update,49060.50,BTCUSD,490605000,Sell,50121,4775820323,1640274408447652
delete,48798.00,BTCUSD,487980000,Sell,,4775820325,1640274408947590
delete,48699.00,BTCUSD,486990000,Buy,,4775820325,1640274408947590
insert,47720.00,BTCUSD,477200000,Buy,40,4775820325,1640274408947590
insert,49297.50,BTCUSD,492975000,Sell,55830,4775820325,1640274408947590
delete,47720.00,BTCUSD,477200000,Buy,,4775820327,1640274409147812
update,48790.00,BTCUSD,487900000,Sell,913,4775820327,1640274409147812
insert,48701.50,BTCUSD,487015000,Buy,902,4775820327,1640274409147812
update,48296.50,BTCUSD,482965000,Buy,50231,4775820328,1640274409247567
update,49036.00,BTCUSD,490360000,Sell,50553,4775820329,1640274409848161
delete,48727.50,BTCUSD,487275000,Buy,,4775820343,1640274410147680
delete,49291.50,BTCUSD,492915000,Sell,,4775820343,1640274410147680
delete,49297.50,BTCUSD,492975000,Sell,,4775820343,1640274410147680
delete,49292.00,BTCUSD,492920000,Sell,,4775820343,1640274410147680
update,48749.50,BTCUSD,487495000,Sell,32120,4775820343,1640274410147680
update,48748.50,BTCUSD,487485000,Sell,7850,4775820343,1640274410147680
update,48747.50,BTCUSD,487475000,Sell,82540,4775820343,1640274410147680
update,48737.50,BTCUSD,487375000,Buy,102960,4775820343,1640274410147680
update,48739.00,BTCUSD,487390000,Buy,44160,4775820343,1640274410147680
update,48738.50,BTCUSD,487385000,Buy,113540,4775820343,1640274410147680
update,48747.00,BTCUSD,487470000,Sell,20200,4775820343,1640274410147680
update,48740.00,BTCUSD,487400000,Buy,128570,4775820343,1640274410147680
insert,48748.00,BTCUSD,487480000,Sell,84960,4775820343,1640274410147680
insert,48746.50,BTCUSD,487465000,Sell,66670,4775820343,1640274410147680
insert,48769.50,BTCUSD,487695000,Sell,209140,4775820343,1640274410147680
insert,48717.50,BTCUSD,487175000,Buy,189090,4775820343,1640274410147680
update,48790.00,BTCUSD,487900000,Sell,10,4775820344,1640274410247510
delete,48175.00,BTCUSD,481750000,Buy,,4775820346,1640274410747700
update,48175.50,BTCUSD,481755000,Buy,50619,4775820346,1640274410747700
insert,47720.00,BTCUSD,477200000,Buy,40,4775820346,1640274410747700
update,48678.00,BTCUSD,486780000,Buy,100,4775820347,1640274411447480
delete,47758.00,BTCUSD,477580000,Buy,,4775820354,1640274411547554
delete,47744.00,BTCUSD,477440000,Buy,,4775820354,1640274411547554
delete,47740.00,BTCUSD,477400000,Buy,,4775820354,1640274411547554
delete,47730.00,BTCUSD,477300000,Buy,,4775820354,1640274411547554
delete,47760.00,BTCUSD,477600000,Buy,,4775820354,1640274411547554
delete,47720.00,BTCUSD,477200000,Buy,,4775820354,1640274411547554
update,48388.00,BTCUSD,483880000,Buy,52690,4775820354,1640274411547554
insert,48305.50,BTCUSD,483055000,Buy,75954,4775820354,1640274411547554
insert,48234.00,BTCUSD,482340000,Buy,50437,4775820354,1640274411547554
insert,48223.00,BTCUSD,482230000,Buy,63429,4775820354,1640274411547554
insert,48366.00,BTCUSD,483660000,Buy,89522,4775820354,1640274411547554
insert,48261.50,BTCUSD,482615000,Buy,67129,4775820354,1640274411547554
insert,48173.50,BTCUSD,481735000,Buy,80619,4775820354,1640274411547554
delete,48296.50,BTCUSD,482965000,Buy,,4775820362,1640274411647515
delete,48365.00,BTCUSD,483650000,Buy,,4775820362,1640274411647515
delete,48224.50,BTCUSD,482245000,Buy,,4775820362,1640274411647515
update,48241.00,BTCUSD,482410000,Buy,1663,4775820362,1640274411647515
update,48225.00,BTCUSD,482250000,Buy,8695,4775820362,1640274411647515
update,48298.00,BTCUSD,482980000,Buy,609,4775820362,1640274411647515
update,48366.00,BTCUSD,483660000,Buy,50547,4775820362,1640274411647515
insert,47758.00,BTCUSD,477580000,Buy,487,4775820362,1640274411647515
insert,47744.00,BTCUSD,477440000,Buy,2500,4775820362,1640274411647515
insert,47760.00,BTCUSD,477600000,Buy,590,4775820362,1640274411647515
delete,48164.50,BTCUSD,481645000,Buy,,4775820367,1640274411847553
delete,48175.50,BTCUSD,481755000,Buy,,4775820367,1640274411847553
update,48165.00,BTCUSD,481650000,Buy,91806,4775820367,1640274411847553
update,48373.50,BTCUSD,483735000,Buy,8087,4775820367,1640274411847553
update,48178.00,BTCUSD,481780000,Buy,50562,4775820367,1640274411847553
insert,47730.00,BTCUSD,477300000,Buy,22705,4775820367,1640274411847553
insert,47740.00,BTCUSD,477400000,Buy,40,4775820367,1640274411847553
delete,48762.50,BTCUSD,487625000,Sell,,4775820378,1640274412147622
delete,48769.50,BTCUSD,487695000,Sell,,4775820378,1640274412147622
delete,48766.00,BTCUSD,487660000,Sell,,4775820378,1640274412147622
update,48738.50,BTCUSD,487385000,Buy,39180,4775820378,1640274412147622
update,48749.50,BTCUSD,487495000,Sell,165370,4775820378,1640274412147622
update,48749.00,BTCUSD,487490000,Sell,74080,4775820378,1640274412147622
update,48738.00,BTCUSD,487380000,Buy,148480,4775820378,1640274412147622
update,48739.00,BTCUSD,487390000,Buy,149110,4775820378,1640274412147622
update,48747.00,BTCUSD,487470000,Sell,122570,4775820378,1640274412147622
update,48717.50,BTCUSD,487175000,Buy,18610,4775820378,1640274412147622
insert,49297.50,BTCUSD,492975000,Sell,55830,4775820378,1640274412147622
insert,49292.00,BTCUSD,492920000,Sell,8304,4775820378,1640274412147622
insert,49291.50,BTCUSD,492915000,Sell,44672,4775820378,1640274412147622
delete,48304.50,BTCUSD,483045000,Buy,,4775820381,1640274412647751
update,48740.50,BTCUSD,487405000,Buy,76401,4775820381,1640274412647751
update,48305.50,BTCUSD,483055000,Buy,51497,4775820381,1640274412647751
insert,47720.00,BTCUSD,477200000,Buy,40,4775820381,1640274412647751
update,48418.00,BTCUSD,484180000,Buy,50764,4775820383,1640274413247587
update,48678.00,BTCUSD,486780000,Buy,264,4775820383,1640274413247587
delete,48741.00,BTCUSD,487410000,Sell,,4775820386,1640274413947801
update,48747.50,BTCUSD,487475000,Sell,70540,4775820386,1640274413947801
update,48747.00,BTCUSD,487470000,Sell,134570,4775820386,1640274413947801
insert,49298.00,BTCUSD,492980000,Sell,21272,4775820386,1640274413947801
delete,48739.00,BTCUSD,487390000,Buy,,4775820421,1640274414047931
delete,48749.50,BTCUSD,487495000,Sell,,4775820421,1640274414047931
delete,48737.50,BTCUSD,487375000,Buy,,4775820421,1640274414047931
delete,48738.00,BTCUSD,487380000,Buy,,4775820421,1640274414047931
delete,47730.00,BTCUSD,477300000,Buy,,4775820421,1640274414047931
delete,48261.50,BTCUSD,482615000,Buy,,4775820421,1640274414047931
delete,48739.50,BTCUSD,487395000,Buy,,4775820421,1640274414047931
delete,47720.00,BTCUSD,477200000,Buy,,4775820421,1640274414047931
delete,48738.50,BTCUSD,487385000,Buy,,4775820421,1640274414047931
update,48740.50,BTCUSD,487405000,Buy,64401,4775820421,1640274414047931
update,48749.00,BTCUSD,487490000,Sell,3340,4775820421,1640274414047931
update,48387.50,BTCUSD,483875000,Buy,49782,4775820421,1640274414047931
update,48167.50,BTCUSD,481675000,Buy,76031,4775820421,1640274414047931
update,48748.50,BTCUSD,487485000,Sell,78960,4775820421,1640274414047931
update,48233.50,BTCUSD,482335000,Buy,82571,4775820421,1640274414047931
update,48740.00,BTCUSD,487400000,Buy,72749,4775820421,1640274414047931
update,48173.50,BTCUSD,481735000,Buy,5603,4775820421,1640274414047931
update,48263.00,BTCUSD,482630000,Buy,2047,4775820421,1640274414047931
update,48748.00,BTCUSD,487480000,Sell,2350,4775820421,1640274414047931
update,48223.00,BTCUSD,482230000,Buy,7178,4775820421,1640274414047931
insert,48365.50,BTCUSD,483655000,Buy,89639,4775820421,1640274414047931
insert,48305.00,BTCUSD,483050000,Buy,66474,4775820421,1640274414047931
insert,48742.00,BTCUSD,487420000,Buy,118960,4775820421,1640274414047931
insert,48261.00,BTCUSD,482610000,Buy,83052,4775820421,1640274414047931
insert,48288.50,BTCUSD,482885000,Buy,77981,4775820421,1640274414047931
insert,48744.50,BTCUSD,487445000,Buy,106470,4775820421,1640274414047931
insert,48222.50,BTCUSD,482225000,Buy,94047,4775820421,1640274414047931
insert,48746.00,BTCUSD,487460000,Sell,95650,4775820421,1640274414047931
insert,48731.50,BTCUSD,487315000,Buy,128180,4775820421,1640274414047931
delete,49298.00,BTCUSD,492980000,Sell,,4775820426,1640274414147787
update,49036.00,BTCUSD,490360000,Sell,115,4775820426,1640274414147787
update,48222.50,BTCUSD,482225000,Buy,51203,4775820426,1640274414147787
update,48744.50,BTCUSD,487445000,Buy,118470,4775820426,1640274414147787
insert,49086.50,BTCUSD,490865000,Sell,59682,4775820426,1640274414147787
delete,49060.50,BTCUSD,490605000,Sell,,4775820431,1640274414247835
update,49099.00,BTCUSD,490990000,Sell,3294,4775820431,1640274414247835
update,49060.00,BTCUSD,490600000,Sell,66109,4775820431,1640274414247835
update,48305.50,BTCUSD,483055000,Buy,4951,4775820431,1640274414247835
update,48366.00,BTCUSD,483660000,Buy,2672,4775820431,1640274414247835
insert,49298.00,BTCUSD,492980000,Sell,21272,4775820431,1640274414247835
delete,49139.00,BTCUSD,491390000,Sell,,4775820433,1640274414347491
update,49137.50,BTCUSD,491375000,Sell,26236,4775820433,1640274414347491
insert,49303.50,BTCUSD,493035000,Sell,51238,4775820433,1640274414347491
update,48234.00,BTCUSD,482340000,Buy,4727,4775820434,1640274414547503
delete,48288.00,BTCUSD,482880000,Buy,,4775820436,1640274414747504
update,48288.50,BTCUSD,482885000,Buy,52163,4775820436,1640274414747504
insert,47730.00,BTCUSD,477300000,Buy,22705,4775820436,1640274414747504
update,48744.50,BTCUSD,487445000,Buy,118447,4775820437,1640274414847585
delete,48701.50,BTCUSD,487015000,Buy,,4775820438,1640274414947498
insert,47720.00,BTCUSD,477200000,Buy,40,4775820438,1640274414947498
delete,47720.00,BTCUSD,477200000,Buy,,4775820440,1640274415047523
delete,49303.50,BTCUSD,493035000,Sell,,4775820440,1640274415047523
insert,48705.50,BTCUSD,487055000,Buy,902,4775820440,1640274415047523
insert,48813.50,BTCUSD,488135000,Sell,1004,4775820440,1640274415047523
delete,49298.00,BTCUSD,492980000,Sell,,4775820453,1640274415147529
delete,48731.50,BTCUSD,487315000,Buy,,4775820453,1640274415147529
delete,47744.00,BTCUSD,477440000,Buy,,4775820453,1640274415147529
delete,47740.00,BTCUSD,477400000,Buy,,4775820453,1640274415147529
delete,47730.00,BTCUSD,477300000,Buy,,4775820453,1640274415147529
delete,49297.50,BTCUSD,492975000,Sell,,4775820453,1640274415147529
update,48749.00,BTCUSD,487490000,Sell,158140,4775820453,1640274415147529
update,48742.00,BTCUSD,487420000,Buy,7170,4775820453,1640274415147529
update,48740.00,BTCUSD,487400000,Buy,53319,4775820453,1640274415147529
update,48748.00,BTCUSD,487480000,Sell,125840,4775820453,1640274415147529
update,48748.50,BTCUSD,487485000,Sell,17700,4775820453,1640274415147529
update,48746.50,BTCUSD,487465000,Sell,4180,4775820453,1640274415147529
insert,48742.50,BTCUSD,487425000,Buy,90140,4775820453,1640274415147529
insert,48759.00,BTCUSD,487590000,Sell,176410,4775820453,1640274415147529
insert,48743.50,BTCUSD,487435000,Buy,124650,4775820453,1640274415147529
insert,48743.00,BTCUSD,487430000,Buy,95840,4775820453,1640274415147529
insert,48744.00,BTCUSD,487440000,Buy,93330,4775820453,1640274415147529
insert,48769.00,BTCUSD,487690000,Sell,195600,4775820453,1640274415147529
delete,48388.00,BTCUSD,483880000,Buy,,4775820457,1640274415247794
update,48388.50,BTCUSD,483885000,Buy,50420,4775820457,1640274415247794
insert,47744.00,BTCUSD,477440000,Buy,2500,4775820457,1640274415247794
delete,48260.50,BTCUSD,482605000,Buy,,4775820459,1640274415947539
update,48261.00,BTCUSD,482610000,Buy,50047,4775820459,1640274415947539
insert,47740.00,BTCUSD,477400000,Buy,40,4775820459,1640274415947539
delete,48759.00,BTCUSD,487590000,Sell,,4775820468,1640274417147504
delete,48740.00,BTCUSD,487400000,Buy,,4775820468,1640274417147504
update,48740.50,BTCUSD,487405000,Buy,8400,4775820468,1640274417147504
update,48749.00,BTCUSD,487490000,Sell,140860,4775820468,1640274417147504
update,48748.50,BTCUSD,487485000,Sell,153700,4775820468,1640274417147504
update,48746.50,BTCUSD,487465000,Sell,99560,4775820468,1640274417147504
update,48769.00,BTCUSD,487690000,Sell,5930,4775820468,1640274417147504
update,48744.50,BTCUSD,487445000,Buy,39490,4775820468,1640274417147504
insert,49297.50,BTCUSD,492975000,Sell,55830,4775820468,1640274417147504
insert,47730.00,BTCUSD,477300000,Buy,22705,4775820468,1640274417147504
update,48686.00,BTCUSD,486860000,Buy,19,4775820469,1640274417347553
update,48744.50,BTCUSD,487445000,Buy,39479,4775820470,1640274417647596
delete,47730.00,BTCUSD,477300000,Buy,,4775820478,1640274419147545
delete,47740.00,BTCUSD,477400000,Buy,,4775820478,1640274419147545
update,48749.00,BTCUSD,487490000,Sell,57820,4775820478,1640274419147545
update,48742.50,BTCUSD,487425000,Buy,156390,4775820478,1640274419147545
update,48744.00,BTCUSD,487440000,Buy,6520,4775820478,1640274419147545
update,48769.00,BTCUSD,487690000,Sell,204190,4775820478,1640274419147545
update,48748.00,BTCUSD,487480000,Sell,52370,4775820478,1640274419147545
update,48748.50,BTCUSD,487485000,Sell,77610,4775820478,1640274419147545
insert,48741.50,BTCUSD,487415000,Buy,153610,4775820478,1640274419147545
insert,48731.50,BTCUSD,487315000,Buy,136640,4775820478,1640274419147545
delete,48813.50,BTCUSD,488135000,Sell,,4775820480,1640274420947441
insert,48804.00,BTCUSD,488040000,Sell,1004,4775820480,1640274420947441
delete,48769.00,BTCUSD,487690000,Sell,,4775820492,1640274421147626
delete,48740.50,BTCUSD,487405000,Buy,,4775820492,1640274421147626
delete,48731.50,BTCUSD,487315000,Buy,,4775820492,1640274421147626
delete,48725.00,BTCUSD,487250000,Buy,,4775820492,1640274421147626
update,48760.00,BTCUSD,487600000,Sell,20250,4775820492,1640274421147626
update,48743.50,BTCUSD,487435000,Buy,62800,4775820492,1640274421147626
update,48741.50,BTCUSD,487415000,Buy,122120,4775820492,1640274421147626
update,48747.00,BTCUSD,487470000,Sell,27840,4775820492,1640274421147626
update,48744.00,BTCUSD,487440000,Buy,121820,4775820492,1640274421147626
update,48746.00,BTCUSD,487460000,Sell,26630,4775820492,1640274421147626
insert,47740.00,BTCUSD,477400000,Buy,40,4775820492,1640274421147626
insert,47730.00,BTCUSD,477300000,Buy,22705,4775820492,1640274421147626
insert,47720.00,BTCUSD,477200000,Buy,40,4775820492,1640274421147626
insert,49298.00,BTCUSD,492980000,Sell,21272,4775820492,1640274421147626
delete,48799.50,BTCUSD,487995000,Sell,,4775820500,1640274421647978
delete,49020.00,BTCUSD,490200000,Sell,,4775820500,1640274421647978
insert,48794.00,BTCUSD,487940000,Sell,7,4775820500,1640274421647978
insert,49015.50,BTCUSD,490155000,Sell,7,4775820500,1640274421647978
update,48745.00,BTCUSD,487450000,Sell,50,4775820505,1640274421747558
delete,48873.00,BTCUSD,488730000,Sell,,4775820507,1640274421847569
update,49167.00,BTCUSD,491670000,Sell,63668,4775820507,1640274421847569
insert,48867.50,BTCUSD,488675000,Sell,7,4775820507,1640274421847569
delete,48946.50,BTCUSD,489465000,Sell,,4775820515,1640274421947484
update,48745.00,BTCUSD,487450000,Sell,90,4775820515,1640274421947484
insert,48941.50,BTCUSD,489415000,Sell,7,4775820515,1640274421947484
delete,49093.50,BTCUSD,490935000,Sell,,4775820517,1640274422047430
delete,49240.50,BTCUSD,492405000,Sell,,4775820517,1640274422047430
insert,49089.50,BTCUSD,490895000,Sell,7,4775820517,1640274422047430
insert,49237.50,BTCUSD,492375000,Sell,7,4775820517,1640274422047430
update,48686.00,BTCUSD,486860000,Buy,20,4775820518,1640274422947492
delete,49298.00,BTCUSD,492980000,Sell,,4775820525,1640274423147594
update,48748.00,BTCUSD,487480000,Sell,126400,4775820525,1640274423147594
update,48742.00,BTCUSD,487420000,Buy,72480,4775820525,1640274423147594
update,48741.50,BTCUSD,487415000,Buy,34160,4775820525,1640274423147594
update,48748.50,BTCUSD,487485000,Sell,17070,4775820525,1640274423147594
update,48749.00,BTCUSD,487490000,Sell,177850,4775820525,1640274423147594
insert,48769.00,BTCUSD,487690000,Sell,211300,4775820525,1640274423147594
delete,47720.00,BTCUSD,477200000,Buy,,4775820534,1640274425147661
update,48748.50,BTCUSD,487485000,Sell,178800,4775820534,1640274425147661
update,48748.00,BTCUSD,487480000,Sell,20900,4775820534,1640274425147661
update,48741.50,BTCUSD,487415000,Buy,107630,4775820534,1640274425147661
update,48749.00,BTCUSD,487490000,Sell,68350,4775820534,1640274425147661
update,48747.00,BTCUSD,487470000,Sell,122910,4775820534,1640274425147661
update,48744.50,BTCUSD,487445000,Buy,110790,4775820534,1640274425147661
update,48746.50,BTCUSD,487465000,Sell,25250,4775820534,1640274425147661
insert,48731.50,BTCUSD,487315000,Buy,186430,4775820534,1640274425147661
update,48744.50,BTCUSD,487445000,Buy,110763,4775820535,1640274425647496
delete,48804.00,BTCUSD,488040000,Sell,,4775820536,1640274426947516
insert,49298.00,BTCUSD,492980000,Sell,21272,4775820536,1640274426947516
update,48742.50,BTCUSD,487425000,Buy,15370,4775820543,1640274427147635
update,48748.00,BTCUSD,487480000,Sell,113410,4775820543,1640274427147635
update,48744.00,BTCUSD,487440000,Buy,30740,4775820543,1640274427147635
update,48731.50,BTCUSD,487315000,Buy,84010,4775820543,1640274427147635
update,48769.00,BTCUSD,487690000,Sell,35180,4775820543,1640274427147635
update,48747.00,BTCUSD,487470000,Sell,39190,4775820543,1640274427147635
delete,49298.00,BTCUSD,492980000,Sell,,4775820544,1640274428247645
insert,48813.50,BTCUSD,488135000,Sell,1004,4775820544,1640274428247645
update,48705.50,BTCUSD,487055000,Buy,802,4775820545,1640274428347489
update,48690.00,BTCUSD,486900000,Buy,17,4775820546,1640274428447485
update,48686.00,BTCUSD,486860000,Buy,21,4775820547,1640274428547496
update,48744.50,BTCUSD,487445000,Buy,110507,4775820548,1640274428647885
delete,48731.50,BTCUSD,487315000,Buy,,4775820557,1640274429147477
update,48748.00,BTCUSD,487480000,Sell,7850,4775820557,1640274429147477
update,48744.00,BTCUSD,487440000,Buy,128570,4775820557,1640274429147477
update,48741.50,BTCUSD,487415000,Buy,102960,4775820557,1640274429147477
update,48748.50,BTCUSD,487485000,Sell,106300,4775820557,1640274429147477
update,48744.50,BTCUSD,487445000,Buy,25540,4775820557,1640274429147477
update,48742.50,BTCUSD,487425000,Buy,113540,4775820557,1640274429147477
insert,47720.00,BTCUSD,477200000,Buy,40,4775820557,1640274429147477
delete,49297.50,BTCUSD,492975000,Sell,,4775820558,1640274429647578
insert,48818.00,BTCUSD,488180000,Sell,10,4775820558,1640274429647578
update,48742.00,BTCUSD,487420000,Buy,148480,4775820564,1640274431047539
update,48746.50,BTCUSD,487465000,Sell,122570,4775820564,1640274431047539
update,48744.50,BTCUSD,487445000,Buy,110870,4775820564,1640274431047539
update,48749.00,BTCUSD,487490000,Sell,165370,4775820564,1640274431047539
update,48742.50,BTCUSD,487425000,Buy,39180,4775820564,1640274431047539
update,48678.00,BTCUSD,486780000,Buy,100,4775820564,1640274431047539
update,48678.00,BTCUSD,486780000,Buy,264,4775820565,1640274432847487
delete,47720.00,BTCUSD,477200000,Buy,,4775820572,1640274433147604
update,48749.00,BTCUSD,487490000,Sell,3340,4775820572,1640274433147604
update,48747.00,BTCUSD,487470000,Sell,137470,4775820572,1640274433147604
update,48744.00,BTCUSD,487440000,Buy,41280,4775820572,1640274433147604
update,48746.00,BTCUSD,487460000,Sell,95650,4775820572,1640274433147604
insert,48731.50,BTCUSD,487315000,Buy,186370,4775820572,1640274433147604
update,48686.00,BTCUSD,486860000,Buy,22,4775820573,1640274434047597
delete,47740.00,BTCUSD,477400000,Buy,,4775820601,1640274434447917
delete,47760.00,BTCUSD,477600000,Buy,,4775820601,1640274434447917
delete,48744.00,BTCUSD,487440000,Buy,,4775820601,1640274434447917
delete,47730.00,BTCUSD,477300000,Buy,,4775820601,1640274434447917
delete,47744.00,BTCUSD,477440000,Buy,,4775820601,1640274434447917
delete,47758.00,BTCUSD,477580000,Buy,,4775820601,1640274434447917
delete,49292.00,BTCUSD,492920000,Sell,,4775820601,1640274434447917
delete,48233.00,BTCUSD,482330000,Buy,,4775820601,1640274434447917
update,48288.50,BTCUSD,482885000,Buy,22,4775820601,1640274434447917
update,48744.50,BTCUSD,487445000,Buy,12000,4775820601,1640274434447917
update,48731.50,BTCUSD,487315000,Buy,117720,4775820601,1640274434447917
update,48742.50,BTCUSD,487425000,Buy,124650,4775820601,1640274434447917
update,48745.00,BTCUSD,487450000,Sell,114790,4775820601,1640274434447917
update,48747.00,BTCUSD,487470000,Sell,125470,4775820601,1640274434447917
update,48211.00,BTCUSD,482110000,Buy,10362,4775820601,1640274434447917
update,48233.50,BTCUSD,482335000,Buy,18052,4775820601,1640274434447917
update,48365.50,BTCUSD,483655000,Buy,6495,4775820601,1640274434447917
update,48746.50,BTCUSD,487465000,Sell,39480,4775820601,1640274434447917
update,48261.00,BTCUSD,482610000,Buy,641,4775820601,1640274434447917
update,48167.50,BTCUSD,481675000,Buy,12008,4775820601,1640274434447917
insert,48304.00,BTCUSD,483040000,Buy,63008,4775820601,1640274434447917
insert,48232.50,BTCUSD,482325000,Buy,79025,4775820601,1640274434447917
insert,48364.50,BTCUSD,483645000,Buy,58499,4775820601,1640274434447917
insert,48221.50,BTCUSD,482215000,Buy,50678,4775820601,1640274434447917
insert,48758.00,BTCUSD,487580000,Sell,177450,4775820601,1640274434447917
insert,48166.50,BTCUSD,481665000,Buy,52477,4775820601,1640274434447917
insert,48177.50,BTCUSD,481775000,Buy,91113,4775820601,1640274434447917
insert,48386.50,BTCUSD,483865000,Buy,51169,4775820601,1640274434447917
delete,48173.50,BTCUSD,481735000,Buy,,4775820607,1640274434547540
delete,48222.50,BTCUSD,482225000,Buy,,4775820607,1640274434547540
update,48223.00,BTCUSD,482230000,Buy,88,4775820607,1640274434547540
update,48746.00,BTCUSD,487460000,Sell,107650,4775820607,1640274434547540
update,48177.50,BTCUSD,481775000,Buy,51377,4775820607,1640274434547540
insert,47760.00,BTCUSD,477600000,Buy,590,4775820607,1640274434547540
insert,48744.00,BTCUSD,487440000,Buy,12000,4775820607,1640274434547540
delete,48387.00,BTCUSD,483870000,Buy,,4775820611,1640274434647511
delete,48305.00,BTCUSD,483050000,Buy,,4775820611,1640274434647511
update,48387.50,BTCUSD,483875000,Buy,5097,4775820611,1640274434647511
update,48305.50,BTCUSD,483055000,Buy,151,4775820611,1640274434647511
insert,47744.00,BTCUSD,477440000,Buy,2500,4775820611,1640274434647511
insert,47758.00,BTCUSD,477580000,Buy,487,4775820611,1640274434647511
delete,48743.50,BTCUSD,487435000,Buy,,4775820620,1640274436147743
delete,49291.50,BTCUSD,492915000,Sell,,4775820620,1640274436147743
update,48742.50,BTCUSD,487425000,Buy,53330,4775820620,1640274436147743
update,48758.00,BTCUSD,487580000,Sell,23370,4775820620,1640274436147743
update,48742.00,BTCUSD,487420000,Buy,77430,4775820620,1640274436147743
update,48743.00,BTCUSD,487430000,Buy,27490,4775820620,1640274436147743
update,48731.50,BTCUSD,487315000,Buy,8400,4775820620,1640274436147743
update,48747.50,BTCUSD,487475000,Sell,153700,4775820620,1640274436147743
insert,48745.50,BTCUSD,487455000,Sell,99560,4775820620,1640274436147743
insert,48741.00,BTCUSD,487410000,Buy,132060,4775820620,1640274436147743
delete,48743.00,BTCUSD,487430000,Buy,,4775820660,1640274436847880
delete,48742.00,BTCUSD,487420000,Buy,,4775820660,1640274436847880
delete,48749.00,BTCUSD,487490000,Sell,,4775820660,1640274436847880
delete,48741.00,BTCUSD,487410000,Buy,,4775820660,1640274436847880
delete,48758.00,BTCUSD,487580000,Sell,,4775820660,1640274436847880
delete,48744.00,BTCUSD,487440000,Buy,,4775820660,1640274436847880
delete,48742.50,BTCUSD,487425000,Buy,,4775820660,1640274436847880
delete,48741.50,BTCUSD,487415000,Buy,,4775820660,1640274436847880
update,48748.50,BTCUSD,487485000,Sell,49970,4775820660,1640274436847880
update,48747.00,BTCUSD,487470000,Sell,52370,4775820660,1640274436847880
update,48747.50,BTCUSD,487475000,Sell,77610,4775820660,1640274436847880
update,48745.00,BTCUSD,487450000,Sell,38720,4775820660,1640274436847880
update,48746.00,BTCUSD,487460000,Sell,15840,4775820660,1640274436847880
update,48746.50,BTCUSD,487465000,Sell,106340,4775820660,1640274436847880
insert,48737.50,BTCUSD,487375000,Buy,150250,4775820660,1640274436847880
insert,48738.00,BTCUSD,487380000,Buy,62800,4775820660,1640274436847880
insert,49163.50,BTCUSD,491635000,Sell,7,4775820660,1640274436847880
insert,49291.50,BTCUSD,492915000,Sell,44672,4775820660,1640274436847880
insert,48738.50,BTCUSD,487385000,Buy,121820,4775820660,1640274436847880
insert,48737.00,BTCUSD,487370000,Buy,118950,4775820660,1640274436847880
insert,48739.00,BTCUSD,487390000,Buy,41670,4775820660,1640274436847880
insert,48729.00,BTCUSD,487290000,Buy,113720,4775820660,1640274436847880
delete,48739.00,BTCUSD,487390000,Buy,,4775820694,1640274436948547
delete,47760.00,BTCUSD,477600000,Buy,,4775820694,1640274436948547
delete,47744.00,BTCUSD,477440000,Buy,,4775820694,1640274436948547
delete,48738.00,BTCUSD,487380000,Buy,,4775820694,1640274436948547
delete,47758.00,BTCUSD,477580000,Buy,,4775820694,1640274436948547
delete,47760.50,BTCUSD,477605000,Buy,,4775820694,1640274436948547
delete,48737.50,BTCUSD,487375000,Buy,,4775820694,1640274436948547
delete,48418.00,BTCUSD,484180000,Buy,,4775820694,1640274436948547
delete,48738.50,BTCUSD,487385000,Buy,,4775820694,1640274436948547
delete,48748.50,BTCUSD,487485000,Sell,,4775820694,1640274436948547
update,48729.00,BTCUSD,487290000,Buy,25760,4775820694,1640274436948547
update,48746.50,BTCUSD,487465000,Sell,40480,4775820694,1640274436948547
update,48211.00,BTCUSD,482110000,Buy,53813,4775820694,1640274436948547
update,48746.00,BTCUSD,487460000,Sell,110910,4775820694,1640274436948547
update,48748.00,BTCUSD,487480000,Sell,68350,4775820694,1640274436948547
update,48747.50,BTCUSD,487475000,Sell,178800,4775820694,1640274436948547
update,48177.50,BTCUSD,481775000,Buy,2406,4775820694,1640274436948547
update,48745.50,BTCUSD,487455000,Sell,25250,4775820694,1640274436948547
update,48737.00,BTCUSD,487370000,Buy,58390,4775820694,1640274436948547
update,48747.00,BTCUSD,487470000,Sell,20900,4775820694,1640274436948547
insert,48734.00,BTCUSD,487340000,Buy,73470,4775820694,1640274436948547
insert,48734.50,BTCUSD,487345000,Buy,88800,4775820694,1640274436948547
insert,48288.00,BTCUSD,482880000,Buy,91419,4775820694,1640274436948547
insert,48735.00,BTCUSD,487350000,Buy,133120,4775820694,1640274436948547
insert,48735.50,BTCUSD,487355000,Buy,72480,4775820694,1640274436948547
insert,48260.50,BTCUSD,482605000,Buy,80912,4775820694,1640274436948547
insert,48736.00,BTCUSD,487360000,Buy,126710,4775820694,1640274436948547
insert,48724.00,BTCUSD,487240000,Buy,147750,4775820694,1640274436948547
insert,48758.00,BTCUSD,487580000,Sell,132160,4775820694,1640274436948547
insert,48736.50,BTCUSD,487365000,Buy,94800,4775820694,1640274436948547
delete,48736.50,BTCUSD,487365000,Buy,,4775820729,1640274437047607
delete,48734.00,BTCUSD,487340000,Buy,,4775820729,1640274437047607
delete,48734.50,BTCUSD,487345000,Buy,,4775820729,1640274437047607
delete,48736.00,BTCUSD,487360000,Buy,,4775820729,1640274437047607
delete,48758.00,BTCUSD,487580000,Sell,,4775820729,1640274437047607
delete,48735.00,BTCUSD,487350000,Buy,,4775820729,1640274437047607
delete,48735.50,BTCUSD,487355000,Buy,,4775820729,1640274437047607
delete,48737.00,BTCUSD,487370000,Buy,,4775820729,1640274437047607
update,48746.00,BTCUSD,487460000,Sell,27190,4775820729,1640274437047607
update,48747.00,BTCUSD,487470000,Sell,7850,4775820729,1640274437047607
update,48730.00,BTCUSD,487300000,Buy,148500,4775820729,1640274437047607
update,48731.50,BTCUSD,487315000,Buy,96970,4775820729,1640274437047607
update,48748.00,BTCUSD,487480000,Sell,165370,4775820729,1640274437047607
update,48724.00,BTCUSD,487240000,Buy,68800,4775820729,1640274437047607
update,48745.50,BTCUSD,487455000,Sell,122570,4775820729,1640274437047607
update,48747.50,BTCUSD,487475000,Sell,106300,4775820729,1640274437047607
insert,48732.50,BTCUSD,487325000,Buy,113540,4775820729,1640274437047607
insert,48711.50,BTCUSD,487115000,Buy,38120,4775820729,1640274437047607
insert,48733.50,BTCUSD,487335000,Buy,12000,4775820729,1640274437047607
insert,48721.50,BTCUSD,487215000,Buy,23840,4775820729,1640274437047607
insert,48709.50,BTCUSD,487095000,Buy,186190,4775820729,1640274437047607
insert,49292.00,BTCUSD,492920000,Sell,8304,4775820729,1640274437047607
insert,48731.00,BTCUSD,487310000,Buy,149110,4775820729,1640274437047607
insert,48732.00,BTCUSD,487320000,Buy,131140,4775820729,1640274437047607
update,48288.00,BTCUSD,482880000,Buy,50736,4775820731,1640274437247452
delete,48364.50,BTCUSD,483645000,Buy,,4775820751,1640274438147520
delete,48412.50,BTCUSD,484125000,Buy,,4775820751,1640274438147520
delete,47774.00,BTCUSD,477740000,Buy,,4775820751,1640274438147520
delete,48232.50,BTCUSD,482325000,Buy,,4775820751,1640274438147520
delete,47773.50,BTCUSD,477735000,Buy,,4775820751,1640274438147520
update,48260.50,BTCUSD,482605000,Buy,1895,4775820751,1640274438147520
update,48748.00,BTCUSD,487480000,Sell,3340,4775820751,1640274438147520
update,48731.00,BTCUSD,487310000,Buy,39420,4775820751,1640274438147520
update,48365.50,BTCUSD,483655000,Buy,61,4775820751,1640274438147520
update,48745.00,BTCUSD,487450000,Sell,107740,4775820751,1640274438147520
update,48746.50,BTCUSD,487465000,Sell,124080,4775820751,1640274438147520
update,48746.00,BTCUSD,487460000,Sell,125470,4775820751,1640274438147520
update,48233.50,BTCUSD,482335000,Buy,608,4775820751,1640274438147520
update,48732.00,BTCUSD,487320000,Buy,41280,4775820751,1640274438147520
insert,48176.50,BTCUSD,481765000,Buy,52099,4775820751,1640274438147520
insert,48385.50,BTCUSD,483855000,Buy,67406,4775820751,1640274438147520
insert,48297.50,BTCUSD,482975000,Buy,68500,4775820751,1640274438147520
insert,48165.50,BTCUSD,481655000,Buy,78715,4775820751,1640274438147520
insert,48138.00,BTCUSD,481380000,Buy,69636,4775820751,1640274438147520
delete,48166.50,BTCUSD,481665000,Buy,,4775820756,1640274438247531
delete,48733.50,BTCUSD,487335000,Buy,,4775820756,1640274438247531
update,48304.00,BTCUSD,483040000,Buy,9926,4775820756,1640274438247531
update,48386.50,BTCUSD,483865000,Buy,1284,4775820756,1640274438247531
update,48167.50,BTCUSD,481675000,Buy,847,4775820756,1640274438247531
insert,47774.00,BTCUSD,477740000,Buy,10000,4775820756,1640274438247531
insert,47773.50,BTCUSD,477735000,Buy,100,4775820756,1640274438247531
delete,48729.00,BTCUSD,487290000,Buy,,4775820778,1640274438347608
delete,48731.50,BTCUSD,487315000,Buy,,4775820778,1640274438347608
delete,48732.50,BTCUSD,487325000,Buy,,4775820778,1640274438347608
delete,49292.00,BTCUSD,492920000,Sell,,4775820778,1640274438347608
delete,48731.00,BTCUSD,487310000,Buy,,4775820778,1640274438347608
delete,48732.00,BTCUSD,487320000,Buy,,4775820778,1640274438347608
update,48709.50,BTCUSD,487095000,Buy,46880,4775820778,1640274438347608
update,48745.50,BTCUSD,487455000,Sell,4180,4775820778,1640274438347608
update,48746.50,BTCUSD,487465000,Sell,39480,4775820778,1640274438347608
update,48730.00,BTCUSD,487300000,Buy,20,4775820778,1640274438347608
update,48748.00,BTCUSD,487480000,Sell,158140,4775820778,1640274438347608
update,48747.50,BTCUSD,487475000,Sell,17700,4775820778,1640274438347608
update,48747.00,BTCUSD,487470000,Sell,125840,4775820778,1640274438347608
insert,48758.00,BTCUSD,487580000,Sell,177450,4775820778,1640274438347608
insert,48724.50,BTCUSD,487245000,Buy,95840,4775820778,1640274438347608
insert,48725.50,BTCUSD,487255000,Buy,93330,4775820778,1640274438347608
insert,48725.00,BTCUSD,487250000,Buy,124650,4775820778,1640274438347608
insert,47760.50,BTCUSD,477605000,Buy,2000,4775820778,1640274438347608
insert,48726.00,BTCUSD,487260000,Buy,67280,4775820778,1640274438347608
delete,48288.50,BTCUSD,482885000,Buy,,4775820783,1640274438447437
delete,48288.00,BTCUSD,482880000,Buy,,4775820783,1640274438447437
update,48289.00,BTCUSD,482890000,Buy,1091,4775820783,1640274438447437
insert,47758.00,BTCUSD,477580000,Buy,487,4775820783,1640274438447437
insert,47760.00,BTCUSD,477600000,Buy,590,4775820783,1640274438447437
delete,48942.00,BTCUSD,489420000,Sell,,4775820787,1640274438747886
delete,48762.00,BTCUSD,487620000,Sell,,4775820787,1640274438747886
delete,48486.50,BTCUSD,484865000,Buy,,4775820787,1640274438747886
delete,48697.00,BTCUSD,486970000,Buy,,4775820787,1640274438747886
insert,47740.00,BTCUSD,477400000,Buy,40,4775820787,1640274438747886
insert,47744.00,BTCUSD,477440000,Buy,2500,4775820787,1640274438747886
insert,49292.00,BTCUSD,492920000,Sell,8304,4775820787,1640274438747886
insert,49297.50,BTCUSD,492975000,Sell,55830,4775820787,1640274438747886
update,48744.50,BTCUSD,487445000,Buy,11761,4775820788,1640274438847542
delete,48705.50,BTCUSD,487055000,Buy,,4775820803,1640274438947489
delete,47760.50,BTCUSD,477605000,Buy,,4775820803,1640274438947489
delete,47740.00,BTCUSD,477400000,Buy,,4775820803,1640274438947489
delete,48406.50,BTCUSD,484065000,Buy,,4775820803,1640274438947489
delete,47760.00,BTCUSD,477600000,Buy,,4775820803,1640274438947489
delete,47758.00,BTCUSD,477580000,Buy,,4775820803,1640274438947489
delete,47744.00,BTCUSD,477440000,Buy,,4775820803,1640274438947489
delete,48813.50,BTCUSD,488135000,Sell,,4775820803,1640274438947489
update,48373.50,BTCUSD,483735000,Buy,52787,4775820803,1640274438947489
update,48165.50,BTCUSD,481655000,Buy,13847,4775820803,1640274438947489
update,48165.00,BTCUSD,481650000,Buy,88432,4775820803,1640274438947489
update,48385.50,BTCUSD,483855000,Buy,5993,4775820803,1640274438947489
insert,48241.50,BTCUSD,482415000,Buy,84506,4775820803,1640274438947489
insert,49298.00,BTCUSD,492980000,Sell,21272,4775820803,1640274438947489
insert,48164.50,BTCUSD,481645000,Buy,97312,4775820803,1640274438947489
insert,48681.00,BTCUSD,486810000,Buy,5700,4775820803,1640274438947489
insert,48175.50,BTCUSD,481755000,Buy,59235,4775820803,1640274438947489
insert,48137.00,BTCUSD,481370000,Buy,73941,4775820803,1640274438947489
insert,48131.50,BTCUSD,481315000,Buy,93575,4775820803,1640274438947489
insert,48296.50,BTCUSD,482965000,Buy,50926,4775820803,1640274438947489
delete,48148.50,BTCUSD,481485000,Buy,,4775820806,1640274439047579
update,48153.50,BTCUSD,481535000,Buy,52029,4775820806,1640274439047579
update,48297.50,BTCUSD,482975000,Buy,1394,4775820806,1640274439047579
insert,47760.50,BTCUSD,477605000,Buy,2000,4775820806,1640274439047579
delete,49298.00,BTCUSD,492980000,Sell,,4775820808,1640274439147705
update,48176.50,BTCUSD,481765000,Buy,3085,4775820808,1640274439147705
insert,48753.50,BTCUSD,487535000,Sell,5700,4775820808,1640274439147705
delete,47760.50,BTCUSD,477605000,Buy,,4775820809,1640274439247708
insert,48466.50,BTCUSD,484665000,Buy,8550,4775820809,1640274439247708
delete,49297.50,BTCUSD,492975000,Sell,,4775820810,1640274439447498
insert,48937.00,BTCUSD,489370000,Sell,8550,4775820810,1640274439447498
update,48164.50,BTCUSD,481645000,Buy,51584,4775820811,1640274439547780
update,48686.00,BTCUSD,486860000,Buy,23,4775820812,1640274439647520
delete,48758.00,BTCUSD,487580000,Sell,,4775820817,1640274440147770
update,48745.50,BTCUSD,487455000,Sell,99560,4775820817,1640274440147770
update,48748.00,BTCUSD,487480000,Sell,140860,4775820817,1640274440147770
update,48747.50,BTCUSD,487475000,Sell,153700,4775820817,1640274440147770
update,48724.00,BTCUSD,487240000,Buy,132060,4775820817,1640274440147770
insert,49297.50,BTCUSD,492975000,Sell,55830,4775820817,1640274440147770
delete,47773.50,BTCUSD,477735000,Buy,,4775820819,1640274440247826
update,48794.00,BTCUSD,487940000,Sell,1011,4775820819,1640274440247826
insert,48695.50,BTCUSD,486955000,Buy,801,4775820819,1640274440247826
