price,symbol,id,side,size,timestamp_e6,cross_seq
47660.00,BTCUSD,476600000,Buy,40,1640274379047154,4775819907
47676.50,BTCUSD,476765000,Buy,100,1640274379047154,4775819907
47680.00,BTCUSD,476800000,Buy,40,1640274379047154,4775819907
47680.50,BTCUSD,476805000,Buy,8000,1640274379047154,4775819907
47700.00,BTCUSD,477000000,Buy,40,1640274379047154,4775819907
47705.00,BTCUSD,477050000,Buy,100000,1640274379047154,4775819907
47720.00,BTCUSD,477200000,Buy,40,1640274379047154,4775819907
47730.00,BTCUSD,477300000,Buy,22705,1640274379047154,4775819907
47740.00,BTCUSD,477400000,Buy,40,1640274379047154,4775819907
47744.00,BTCUSD,477440000,Buy,2500,1640274379047154,4775819907
47758.00,BTCUSD,477580000,Buy,487,1640274379047154,4775819907
47760.00,BTCUSD,477600000,Buy,590,1640274379047154,4775819907
47760.50,BTCUSD,477605000,Buy,2000,1640274379047154,4775819907
47773.50,BTCUSD,477735000,Buy,100,1640274379047154,4775819907
47774.00,BTCUSD,477740000,Buy,10000,1640274379047154,4775819907
47779.00,BTCUSD,477790000,Buy,19831,1640274379047154,4775819907
47780.00,BTCUSD,477800000,Buy,40,1640274379047154,4775819907
47780.50,BTCUSD,477805000,Buy,7000,1640274379047154,4775819907
47785.00,BTCUSD,477850000,Buy,300,1640274379047154,4775819907
47800.00,BTCUSD,478000000,Buy,60,1640274379047154,4775819907
47805.00,BTCUSD,478050000,Buy,100000,1640274379047154,4775819907
47811.00,BTCUSD,478110000,Buy,200,1640274379047154,4775819907
47820.00,BTCUSD,478200000,Buy,40,1640274379047154,4775819907
47839.00,BTCUSD,478390000,Buy,33,1640274379047154,4775819907
47840.00,BTCUSD,478400000,Buy,40,1640274379047154,4775819907
47860.00,BTCUSD,478600000,Buy,40,1640274379047154,4775819907
47870.50,BTCUSD,478705000,Buy,156462,1640274379047154,4775819907
47871.00,BTCUSD,478710000,Buy,100,1640274379047154,4775819907
47880.00,BTCUSD,478800000,Buy,5040,1640274379047154,4775819907
47880.50,BTCUSD,478805000,Buy,6000,1640274379047154,4775819907
47882.50,BTCUSD,478825000,Buy,31,1640274379047154,4775819907
47900.00,BTCUSD,479000000,Buy,40,1640274379047154,4775819907
47905.00,BTCUSD,479050000,Buy,100000,1640274379047154,4775819907
47920.00,BTCUSD,479200000,Buy,40,1640274379047154,4775819907
47930.50,BTCUSD,479305000,Buy,1,1640274379047154,4775819907
47940.00,BTCUSD,479400000,Buy,40,1640274379047154,4775819907
47950.50,BTCUSD,479505000,Buy,1500000,1640274379047154,4775819907
47953.00,BTCUSD,479530000,Buy,108734,1640274379047154,4775819907
47953.50,BTCUSD,479535000,Buy,1,1640274379047154,4775819907
47958.50,BTCUSD,479585000,Buy,404431,1640274379047154,4775819907
47960.00,BTCUSD,479600000,Buy,54638,1640274379047154,4775819907
47968.00,BTCUSD,479680000,Buy,100,1640274379047154,4775819907
47975.50,BTCUSD,479755000,Buy,1000000,1640274379047154,4775819907
48000.00,BTCUSD,480000000,Buy,1500100,1640274379047154,4775819907
48038.00,BTCUSD,480380000,Buy,1000000,1640274379047154,4775819907
48059.00,BTCUSD,480590000,Buy,500000,1640274379047154,4775819907
48063.00,BTCUSD,480630000,Buy,1000000,1640274379047154,4775819907
48065.50,BTCUSD,480655000,Buy,100,1640274379047154,4775819907
48074.50,BTCUSD,480745000,Buy,100,1640274379047154,4775819907
48100.50,BTCUSD,481005000,Buy,1000000,1640274379047154,4775819907
48125.00,BTCUSD,481250000,Buy,959294,1640274379047154,4775819907
48143.00,BTCUSD,481430000,Buy,88,1640274379047154,4775819907
48150.00,BTCUSD,481500000,Buy,100,1640274379047154,4775819907
48153.50,BTCUSD,481535000,Buy,53455,1640274379047154,4775819907
48154.50,BTCUSD,481545000,Buy,134264,1640274379047154,4775819907
48159.00,BTCUSD,481590000,Buy,52546,1640274379047154,4775819907
48163.00,BTCUSD,481630000,Buy,100,1640274379047154,4775819907
48165.00,BTCUSD,481650000,Buy,139293,1640274379047154,4775819907
48167.50,BTCUSD,481675000,Buy,401,1640274379047154,4775819907
48168.00,BTCUSD,481680000,Buy,52685,1640274379047154,4775819907
48175.00,BTCUSD,481750000,Buy,85600,1640274379047154,4775819907
48178.00,BTCUSD,481780000,Buy,54757,1640274379047154,4775819907
48182.50,BTCUSD,481825000,Buy,8327,1640274379047154,4775819907
48183.50,BTCUSD,481835000,Buy,53635,1640274379047154,4775819907
48189.00,BTCUSD,481890000,Buy,62912,1640274379047154,4775819907
48194.50,BTCUSD,481945000,Buy,62853,1640274379047154,4775819907
48200.00,BTCUSD,482000000,Buy,50058,1640274379047154,4775819907
48205.50,BTCUSD,482055000,Buy,70926,1640274379047154,4775819907
48206.00,BTCUSD,482060000,Buy,100,1640274379047154,4775819907
48211.00,BTCUSD,482110000,Buy,71751,1640274379047154,4775819907
48212.00,BTCUSD,482120000,Buy,5210,1640274379047154,4775819907
48216.00,BTCUSD,482160000,Buy,51584,1640274379047154,4775819907
48224.50,BTCUSD,482245000,Buy,65470,1640274379047154,4775819907
48225.00,BTCUSD,482250000,Buy,21649,1640274379047154,4775819907
48226.50,BTCUSD,482265000,Buy,51099,1640274379047154,4775819907
48232.00,BTCUSD,482320000,Buy,831,1640274379047154,4775819907
48233.00,BTCUSD,482330000,Buy,2770,1640274379047154,4775819907
48233.50,BTCUSD,482335000,Buy,1076,1640274379047154,4775819907
48235.00,BTCUSD,482350000,Buy,2086,1640274379047154,4775819907
48235.50,BTCUSD,482355000,Buy,49633,1640274379047154,4775819907
48241.00,BTCUSD,482410000,Buy,54381,1640274379047154,4775819907
48242.50,BTCUSD,482425000,Buy,50396,1640274379047154,4775819907
48248.00,BTCUSD,482480000,Buy,20876,1640274379047154,4775819907
48248.50,BTCUSD,482485000,Buy,404,1640274379047154,4775819907
48249.50,BTCUSD,482495000,Buy,50776,1640274379047154,4775819907
48250.00,BTCUSD,482500000,Buy,1100,1640274379047154,4775819907
48255.00,BTCUSD,482550000,Buy,51984,1640274379047154,4775819907
48260.00,BTCUSD,482600000,Buy,100,1640274379047154,4775819907
48263.00,BTCUSD,482630000,Buy,4808,1640274379047154,4775819907
48263.50,BTCUSD,482635000,Buy,50044,1640274379047154,4775819907
48265.50,BTCUSD,482655000,Buy,100,1640274379047154,4775819907
48269.00,BTCUSD,482690000,Buy,56214,1640274379047154,4775819907
48274.50,BTCUSD,482745000,Buy,21447,1640274379047154,4775819907
48275.00,BTCUSD,482750000,Buy,56646,1640274379047154,4775819907
48280.50,BTCUSD,482805000,Buy,27759,1640274379047154,4775819907
48282.00,BTCUSD,482820000,Buy,515,1640274379047154,4775819907
48282.50,BTCUSD,482825000,Buy,50355,1640274379047154,4775819907
48283.00,BTCUSD,482830000,Buy,25,1640274379047154,4775819907
48289.00,BTCUSD,482890000,Buy,3875,1640274379047154,4775819907
48289.50,BTCUSD,482895000,Buy,50158,1640274379047154,4775819907
48296.00,BTCUSD,482960000,Buy,51975,1640274379047154,4775819907
48298.00,BTCUSD,482980000,Buy,8267,1640274379047154,4775819907
48298.50,BTCUSD,482985000,Buy,50024,1640274379047154,4775819907
48307.00,BTCUSD,483070000,Buy,2936,1640274379047154,4775819907
48307.50,BTCUSD,483075000,Buy,50170,1640274379047154,4775819907
48309.00,BTCUSD,483090000,Buy,100,1640274379047154,4775819907
48313.00,BTCUSD,483130000,Buy,62948,1640274379047154,4775819907
48318.50,BTCUSD,483185000,Buy,90000,1640274379047154,4775819907
48321.00,BTCUSD,483210000,Buy,100,1640274379047154,4775819907
48324.00,BTCUSD,483240000,Buy,75808,1640274379047154,4775819907
48329.50,BTCUSD,483295000,Buy,52090,1640274379047154,4775819907
48335.00,BTCUSD,483350000,Buy,25400,1640274379047154,4775819907
48336.00,BTCUSD,483360000,Buy,50720,1640274379047154,4775819907
48341.50,BTCUSD,483415000,Buy,74066,1640274379047154,4775819907
48347.00,BTCUSD,483470000,Buy,29009,1640274379047154,4775819907
48347.50,BTCUSD,483475000,Buy,53014,1640274379047154,4775819907
48353.00,BTCUSD,483530000,Buy,85895,1640274379047154,4775819907
48357.50,BTCUSD,483575000,Buy,100,1640274379047154,4775819907
48358.50,BTCUSD,483585000,Buy,50441,1640274379047154,4775819907
48360.50,BTCUSD,483605000,Buy,1000,1640274379047154,4775819907
48367.50,BTCUSD,483675000,Buy,3539,1640274379047154,4775819907
48368.00,BTCUSD,483680000,Buy,50150,1640274379047154,4775819907
48374.00,BTCUSD,483740000,Buy,50844,1640274379047154,4775819907
48374.50,BTCUSD,483745000,Buy,50313,1640274379047154,4775819907
48380.00,BTCUSD,483800000,Buy,88942,1640274379047154,4775819907
48387.50,BTCUSD,483875000,Buy,4757,1640274379047154,4775819907
48388.00,BTCUSD,483880000,Buy,1909,1640274379047154,4775819907
48388.50,BTCUSD,483885000,Buy,50862,1640274379047154,4775819907
48390.00,BTCUSD,483900000,Buy,100,1640274379047154,4775819907
48394.00,BTCUSD,483940000,Buy,67848,1640274379047154,4775819907
48400.50,BTCUSD,484005000,Buy,2667,1640274379047154,4775819907
48401.00,BTCUSD,484010000,Buy,50878,1640274379047154,4775819907
48402.00,BTCUSD,484020000,Buy,150,1640274379047154,4775819907
48405.00,BTCUSD,484050000,Buy,25,1640274379047154,4775819907
48406.50,BTCUSD,484065000,Buy,81441,1640274379047154,4775819907
48412.50,BTCUSD,484125000,Buy,83204,1640274379047154,4775819907
48415.50,BTCUSD,484155000,Buy,51970,1640274379047154,4775819907
48421.00,BTCUSD,484210000,Buy,6498,1640274379047154,4775819907
48422.50,BTCUSD,484225000,Buy,77718,1640274379047154,4775819907
48424.50,BTCUSD,484245000,Buy,100,1640274379047154,4775819907
48428.50,BTCUSD,484285000,Buy,100,1640274379047154,4775819907
48454.50,BTCUSD,484545000,Buy,100,1640274379047154,4775819907
48473.00,BTCUSD,484730000,Buy,100,1640274379047154,4775819907
48476.50,BTCUSD,484765000,Buy,10000,1640274379047154,4775819907
48480.00,BTCUSD,484800000,Buy,2178,1640274379047154,4775819907
48486.00,BTCUSD,484860000,Buy,608,1640274379047154,4775819907
48488.50,BTCUSD,484885000,Buy,8550,1640274379047154,4775819907
48492.00,BTCUSD,484920000,Buy,938,1640274379047154,4775819907
48515.50,BTCUSD,485155000,Buy,186,1640274379047154,4775819907
48527.00,BTCUSD,485270000,Buy,25,1640274379047154,4775819907
48531.50,BTCUSD,485315000,Buy,100,1640274379047154,4775819907
48552.00,BTCUSD,485520000,Buy,100,1640274379047154,4775819907
48560.00,BTCUSD,485600000,Buy,20,1640274379047154,4775819907
48570.00,BTCUSD,485700000,Buy,20,1640274379047154,4775819907
48575.00,BTCUSD,485750000,Buy,200,1640274379047154,4775819907
48580.00,BTCUSD,485800000,Buy,20,1640274379047154,4775819907
48590.00,BTCUSD,485900000,Buy,20,1640274379047154,4775819907
48600.00,BTCUSD,486000000,Buy,37772,1640274379047154,4775819907
48610.00,BTCUSD,486100000,Buy,20,1640274379047154,4775819907
48620.00,BTCUSD,486200000,Buy,20,1640274379047154,4775819907
48621.50,BTCUSD,486215000,Buy,100,1640274379047154,4775819907
48630.00,BTCUSD,486300000,Buy,20,1640274379047154,4775819907
48639.00,BTCUSD,486390000,Buy,100,1640274379047154,4775819907
48639.50,BTCUSD,486395000,Buy,433,1640274379047154,4775819907
48640.00,BTCUSD,486400000,Buy,20,1640274379047154,4775819907
48640.50,BTCUSD,486405000,Buy,100,1640274379047154,4775819907
48646.00,BTCUSD,486460000,Buy,100,1640274379047154,4775819907
48649.00,BTCUSD,486490000,Buy,25,1640274379047154,4775819907
48649.50,BTCUSD,486495000,Buy,100,1640274379047154,4775819907
48650.00,BTCUSD,486500000,Buy,20,1640274379047154,4775819907
48655.00,BTCUSD,486550000,Buy,100,1640274379047154,4775819907
48659.00,BTCUSD,486590000,Buy,200,1640274379047154,4775819907
48660.00,BTCUSD,486600000,Buy,20,1640274379047154,4775819907
48660.50,BTCUSD,486605000,Buy,1000,1640274379047154,4775819907
48661.00,BTCUSD,486610000,Buy,100,1640274379047154,4775819907
48670.00,BTCUSD,486700000,Buy,20,1640274379047154,4775819907
48671.00,BTCUSD,486710000,Buy,100,1640274379047154,4775819907
48676.50,BTCUSD,486765000,Buy,100,1640274379047154,4775819907
48678.00,BTCUSD,486780000,Buy,264,1640274379047154,4775819907
48680.00,BTCUSD,486800000,Buy,20,1640274379047154,4775819907
48686.00,BTCUSD,486860000,Buy,14,1640274379047154,4775819907
48690.00,BTCUSD,486900000,Buy,23,1640274379047154,4775819907
48700.00,BTCUSD,487000000,Buy,20,1640274379047154,4775819907
48702.00,BTCUSD,487020000,Buy,5700,1640274379047154,4775819907
48710.00,BTCUSD,487100000,Buy,20,1640274379047154,4775819907
48712.00,BTCUSD,487120000,Buy,20,1640274379047154,4775819907
48720.00,BTCUSD,487200000,Buy,20,1640274379047154,4775819907
48724.00,BTCUSD,487240000,Buy,76800,1640274379047154,4775819907
48730.00,BTCUSD,487300000,Buy,20,1640274379047154,4775819907
48740.00,BTCUSD,487400000,Buy,20,1640274379047154,4775819907
48744.00,BTCUSD,487440000,Buy,8400,1640274379047154,4775819907
48744.50,BTCUSD,487445000,Buy,7170,1640274379047154,4775819907
48745.00,BTCUSD,487450000,Buy,132060,1640274379047154,4775819907
48745.50,BTCUSD,487455000,Buy,108510,1640274379047154,4775819907
48746.00,BTCUSD,487460000,Buy,124650,1640274379047154,4775819907
48746.50,BTCUSD,487465000,Buy,41280,1640274379047154,4775819907
48747.00,BTCUSD,487470000,Buy,27490,1640274379047154,4775819907
48748.00,BTCUSD,487480000,Buy,12000,1640274379047154,4775819907
48750.00,BTCUSD,487500000,Buy,20,1640274379047154,4775819907
48759.50,BTCUSD,487595000,Buy,16,1640274379047154,4775819907
48760.00,BTCUSD,487600000,Sell,78350,1640274379047154,4775819907
48760.50,BTCUSD,487605000,Sell,99560,1640274379047154,4775819907
48761.00,BTCUSD,487610000,Sell,125470,1640274379047154,4775819907
48761.50,BTCUSD,487615000,Sell,84960,1640274379047154,4775819907
48762.00,BTCUSD,487620000,Sell,125840,1640274379047154,4775819907
48762.50,BTCUSD,487625000,Sell,153700,1640274379047154,4775819907
48763.00,BTCUSD,487630000,Sell,140860,1640274379047154,4775819907
48765.00,BTCUSD,487650000,Sell,10,1640274379047154,4775819907
48770.00,BTCUSD,487700000,Sell,10,1640274379047154,4775819907
48773.00,BTCUSD,487730000,Sell,5700,1640274379047154,4775819907
48775.00,BTCUSD,487750000,Sell,10,1640274379047154,4775819907
48780.00,BTCUSD,487800000,Sell,10,1640274379047154,4775819907
48783.50,BTCUSD,487835000,Sell,38810,1640274379047154,4775819907
48785.00,BTCUSD,487850000,Sell,10,1640274379047154,4775819907
48790.00,BTCUSD,487900000,Sell,10,1640274379047154,4775819907
48795.00,BTCUSD,487950000,Sell,10,1640274379047154,4775819907
48799.50,BTCUSD,487995000,Sell,7,1640274379047154,4775819907
48800.00,BTCUSD,488000000,Sell,10,1640274379047154,4775819907
48802.00,BTCUSD,488020000,Sell,3092,1640274379047154,4775819907
48805.00,BTCUSD,488050000,Sell,10,1640274379047154,4775819907
48809.00,BTCUSD,488090000,Sell,904,1640274379047154,4775819907
48810.00,BTCUSD,488100000,Sell,10,1640274379047154,4775819907
48815.00,BTCUSD,488150000,Sell,10,1640274379047154,4775819907
48820.00,BTCUSD,488200000,Sell,10,1640274379047154,4775819907
48825.00,BTCUSD,488250000,Sell,10,1640274379047154,4775819907
48830.00,BTCUSD,488300000,Sell,10,1640274379047154,4775819907
48833.00,BTCUSD,488330000,Sell,10,1640274379047154,4775819907
48835.00,BTCUSD,488350000,Sell,10,1640274379047154,4775819907
48840.00,BTCUSD,488400000,Sell,10,1640274379047154,4775819907
48844.00,BTCUSD,488440000,Sell,100,1640274379047154,4775819907
48845.00,BTCUSD,488450000,Sell,10,1640274379047154,4775819907
48850.00,BTCUSD,488500000,Sell,10,1640274379047154,4775819907
48853.50,BTCUSD,488535000,Sell,100,1640274379047154,4775819907
48854.00,BTCUSD,488540000,Sell,100,1640274379047154,4775819907
48855.00,BTCUSD,488550000,Sell,10,1640274379047154,4775819907
48855.50,BTCUSD,488555000,Sell,100,1640274379047154,4775819907
48858.50,BTCUSD,488585000,Sell,25,1640274379047154,4775819907
48860.00,BTCUSD,488600000,Sell,10,1640274379047154,4775819907
48863.00,BTCUSD,488630000,Sell,144,1640274379047154,4775819907
48865.00,BTCUSD,488650000,Sell,10,1640274379047154,4775819907
48870.00,BTCUSD,488700000,Sell,10,1640274379047154,4775819907
48873.00,BTCUSD,488730000,Sell,7,1640274379047154,4775819907
48875.00,BTCUSD,488750000,Sell,44,1640274379047154,4775819907
48880.00,BTCUSD,488800000,Sell,10,1640274379047154,4775819907
48885.00,BTCUSD,488850000,Sell,10,1640274379047154,4775819907
48890.00,BTCUSD,488900000,Sell,10,1640274379047154,4775819907
48895.00,BTCUSD,488950000,Sell,10,1640274379047154,4775819907
48900.00,BTCUSD,489000000,Sell,10,1640274379047154,4775819907
48905.00,BTCUSD,489050000,Sell,10,1640274379047154,4775819907
48910.00,BTCUSD,489100000,Sell,10,1640274379047154,4775819907
48915.00,BTCUSD,489150000,Sell,10,1640274379047154,4775819907
48920.00,BTCUSD,489200000,Sell,10,1640274379047154,4775819907
48923.50,BTCUSD,489235000,Sell,34,1640274379047154,4775819907
48925.00,BTCUSD,489250000,Sell,10,1640274379047154,4775819907
48930.00,BTCUSD,489300000,Sell,10,1640274379047154,4775819907
48932.50,BTCUSD,489325000,Sell,72,1640274379047154,4775819907
48935.00,BTCUSD,489350000,Sell,10,1640274379047154,4775819907
48939.00,BTCUSD,489390000,Sell,100,1640274379047154,4775819907
48941.00,BTCUSD,489410000,Sell,100,1640274379047154,4775819907
48946.50,BTCUSD,489465000,Sell,7,1640274379047154,4775819907
48952.00,BTCUSD,489520000,Sell,66,1640274379047154,4775819907
48955.50,BTCUSD,489555000,Sell,8550,1640274379047154,4775819907
48959.00,BTCUSD,489590000,Sell,432,1640274379047154,4775819907
48972.00,BTCUSD,489720000,Sell,34,1640274379047154,4775819907
48980.00,BTCUSD,489800000,Sell,25,1640274379047154,4775819907
49008.50,BTCUSD,490085000,Sell,300,1640274379047154,4775819907
49013.50,BTCUSD,490135000,Sell,300,1640274379047154,4775819907
49017.00,BTCUSD,490170000,Sell,7,1640274379047154,4775819907
49020.00,BTCUSD,490200000,Sell,7,1640274379047154,4775819907
49020.50,BTCUSD,490205000,Sell,34,1640274379047154,4775819907
49023.50,BTCUSD,490235000,Sell,400,1640274379047154,4775819907
49036.00,BTCUSD,490360000,Sell,115,1640274379047154,4775819907
49038.50,BTCUSD,490385000,Sell,100,1640274379047154,4775819907
49040.00,BTCUSD,490400000,Sell,1445,1640274379047154,4775819907
49053.50,BTCUSD,490535000,Sell,69250,1640274379047154,4775819907
49056.00,BTCUSD,490560000,Sell,2011,1640274379047154,4775819907
49058.00,BTCUSD,490580000,Sell,777,1640274379047154,4775819907
49060.00,BTCUSD,490600000,Sell,85326,1640274379047154,4775819907
49065.00,BTCUSD,490650000,Sell,10000,1640274379047154,4775819907
49066.50,BTCUSD,490665000,Sell,77317,1640274379047154,4775819907
49067.50,BTCUSD,490675000,Sell,3881,1640274379047154,4775819907
49069.50,BTCUSD,490695000,Sell,34,1640274379047154,4775819907
49070.00,BTCUSD,490700000,Sell,10000,1640274379047154,4775819907
49070.50,BTCUSD,490705000,Sell,1641,1640274379047154,4775819907
49073.00,BTCUSD,490730000,Sell,50866,1640274379047154,4775819907
49073.50,BTCUSD,490735000,Sell,10000,1640274379047154,4775819907
49074.00,BTCUSD,490740000,Sell,132,1640274379047154,4775819907
49075.00,BTCUSD,490750000,Sell,10000,1640274379047154,4775819907
49079.00,BTCUSD,490790000,Sell,78418,1640274379047154,4775819907
49080.00,BTCUSD,490800000,Sell,10000,1640274379047154,4775819907
49080.50,BTCUSD,490805000,Sell,15,1640274379047154,4775819907
49081.00,BTCUSD,490810000,Sell,100000,1640274379047154,4775819907
49084.50,BTCUSD,490845000,Sell,51090,1640274379047154,4775819907
49085.00,BTCUSD,490850000,Sell,12226,1640274379047154,4775819907
49086.00,BTCUSD,490860000,Sell,3559,1640274379047154,4775819907
49087.00,BTCUSD,490870000,Sell,75846,1640274379047154,4775819907
49088.00,BTCUSD,490880000,Sell,10000,1640274379047154,4775819907
49090.00,BTCUSD,490900000,Sell,10000,1640274379047154,4775819907
49090.50,BTCUSD,490905000,Sell,10000,1640274379047154,4775819907
49091.00,BTCUSD,490910000,Sell,10000,1640274379047154,4775819907
49093.00,BTCUSD,490930000,Sell,56533,1640274379047154,4775819907
49093.50,BTCUSD,490935000,Sell,7,1640274379047154,4775819907
49096.00,BTCUSD,490960000,Sell,233,1640274379047154,4775819907
49098.50,BTCUSD,490985000,Sell,53932,1640274379047154,4775819907
49099.00,BTCUSD,490990000,Sell,1981,1640274379047154,4775819907
49100.00,BTCUSD,491000000,Sell,2400,1640274379047154,4775819907
49101.50,BTCUSD,491015000,Sell,25,1640274379047154,4775819907
49105.00,BTCUSD,491050000,Sell,3777,1640274379047154,4775819907
49106.00,BTCUSD,491060000,Sell,100,1640274379047154,4775819907
49107.00,BTCUSD,491070000,Sell,62384,1640274379047154,4775819907
49107.50,BTCUSD,491075000,Sell,52075,1640274379047154,4775819907
49113.00,BTCUSD,491130000,Sell,50204,1640274379047154,4775819907
49113.50,BTCUSD,491135000,Sell,466,1640274379047154,4775819907
49114.50,BTCUSD,491145000,Sell,971,1640274379047154,4775819907
49115.00,BTCUSD,491150000,Sell,1831,1640274379047154,4775819907
49117.00,BTCUSD,491170000,Sell,13836,1640274379047154,4775819907
49123.00,BTCUSD,491230000,Sell,63828,1640274379047154,4775819907
49128.00,BTCUSD,491280000,Sell,4570,1640274379047154,4775819907
49128.50,BTCUSD,491285000,Sell,46431,1640274379047154,4775819907
49129.00,BTCUSD,491290000,Sell,14127,1640274379047154,4775819907
49129.50,BTCUSD,491295000,Sell,85889,1640274379047154,4775819907
49134.00,BTCUSD,491340000,Sell,115,1640274379047154,4775819907
49135.50,BTCUSD,491355000,Sell,50264,1640274379047154,4775819907
49136.00,BTCUSD,491360000,Sell,906,1640274379047154,4775819907
49136.50,BTCUSD,491365000,Sell,15981,1640274379047154,4775819907
49137.00,BTCUSD,491370000,Sell,7078,1640274379047154,4775819907
49139.00,BTCUSD,491390000,Sell,5094,1640274379047154,4775819907
49143.50,BTCUSD,491435000,Sell,29,1640274379047154,4775819907
49144.50,BTCUSD,491445000,Sell,53139,1640274379047154,4775819907
49149.00,BTCUSD,491490000,Sell,2196,1640274379047154,4775819907
49150.00,BTCUSD,491500000,Sell,87203,1640274379047154,4775819907
49155.00,BTCUSD,491550000,Sell,100,1640274379047154,4775819907
49155.50,BTCUSD,491555000,Sell,53901,1640274379047154,4775819907
49161.00,BTCUSD,491610000,Sell,50637,1640274379047154,4775819907
49161.50,BTCUSD,491615000,Sell,23060,1640274379047154,4775819907
49167.00,BTCUSD,491670000,Sell,63675,1640274379047154,4775819907
49172.50,BTCUSD,491725000,Sell,55845,1640274379047154,4775819907
49178.00,BTCUSD,491780000,Sell,50276,1640274379047154,4775819907
49181.00,BTCUSD,491810000,Sell,1925,1640274379047154,4775819907
49182.00,BTCUSD,491820000,Sell,9929,1640274379047154,4775819907
49182.50,BTCUSD,491825000,Sell,115,1640274379047154,4775819907
49183.50,BTCUSD,491835000,Sell,41577,1640274379047154,4775819907
49187.50,BTCUSD,491875000,Sell,10330,1640274379047154,4775819907
49189.00,BTCUSD,491890000,Sell,39768,1640274379047154,4775819907
49189.50,BTCUSD,491895000,Sell,6856,1640274379047154,4775819907
49190.50,BTCUSD,491905000,Sell,19999,1640274379047154,4775819907
49196.00,BTCUSD,491960000,Sell,20077,1640274379047154,4775819907
49199.00,BTCUSD,491990000,Sell,36653,1640274379047154,4775819907
49200.00,BTCUSD,492000000,Sell,3792,1640274379047154,4775819907
49201.50,BTCUSD,492015000,Sell,53112,1640274379047154,4775819907
49202.50,BTCUSD,492025000,Sell,100,1640274379047154,4775819907
49204.00,BTCUSD,492040000,Sell,100,1640274379047154,4775819907
49207.00,BTCUSD,492070000,Sell,50304,1640274379047154,4775819907
49207.50,BTCUSD,492075000,Sell,25545,1640274379047154,4775819907
49215.50,BTCUSD,492155000,Sell,50893,1640274379047154,4775819907
49220.00,BTCUSD,492200000,Sell,6416,1640274379047154,4775819907
49221.00,BTCUSD,492210000,Sell,50194,1640274379047154,4775819907
49221.50,BTCUSD,492215000,Sell,199,1640274379047154,4775819907
49224.00,BTCUSD,492240000,Sell,5701,1640274379047154,4775819907
49225.50,BTCUSD,492255000,Sell,22661,1640274379047154,4775819907
49226.00,BTCUSD,492260000,Sell,26173,1640274379047154,4775819907
49231.50,BTCUSD,492315000,Sell,50258,1640274379047154,4775819907
49232.00,BTCUSD,492320000,Sell,583,1640274379047154,4775819907
49233.00,BTCUSD,492330000,Sell,6700,1640274379047154,4775819907
49235.50,BTCUSD,492355000,Sell,3638,1640274379047154,4775819907
49236.00,BTCUSD,492360000,Sell,1639,1640274379047154,4775819907
49236.50,BTCUSD,492365000,Sell,75524,1640274379047154,4775819907
49239.50,BTCUSD,492395000,Sell,100000,1640274379047154,4775819907
49240.50,BTCUSD,492405000,Sell,7,1640274379047154,4775819907
49242.00,BTCUSD,492420000,Sell,50416,1640274379047154,4775819907
49247.50,BTCUSD,492475000,Sell,50062,1640274379047154,4775819907
49248.00,BTCUSD,492480000,Sell,1489,1640274379047154,4775819907
49249.00,BTCUSD,492490000,Sell,7887,1640274379047154,4775819907
49250.00,BTCUSD,492500000,Sell,2400,1640274379047154,4775819907
49250.50,BTCUSD,492505000,Sell,52956,1640274379047154,4775819907
49256.50,BTCUSD,492565000,Sell,50907,1640274379047154,4775819907
49257.00,BTCUSD,492570000,Sell,3290,1640274379047154,4775819907
49266.50,BTCUSD,492665000,Sell,76425,1640274379047154,4775819907
49270.50,BTCUSD,492705000,Sell,117,1640274379047154,4775819907
49272.00,BTCUSD,492720000,Sell,52299,1640274379047154,4775819907
49273.00,BTCUSD,492730000,Sell,13939,1640274379047154,4775819907
49273.50,BTCUSD,492735000,Sell,8107,1640274379047154,4775819907
49274.00,BTCUSD,492740000,Sell,30163,1640274379047154,4775819907
49280.50,BTCUSD,492805000,Sell,50166,1640274379047154,4775819907
49281.00,BTCUSD,492810000,Sell,2170,1640274379047154,4775819907
49282.00,BTCUSD,492820000,Sell,1911,1640274379047154,4775819907
49287.50,BTCUSD,492875000,Sell,51399,1640274379047154,4775819907
49288.00,BTCUSD,492880000,Sell,213,1640274379047154,4775819907
49289.50,BTCUSD,492895000,Sell,10733,1640274379047154,4775819907
49290.00,BTCUSD,492900000,Sell,2395,1640274379047154,4775819907
49290.50,BTCUSD,492905000,Sell,67260,1640274379047154,4775819907
49292.00,BTCUSD,492920000,Sell,8304,1640274379047154,4775819907
49297.50,BTCUSD,492975000,Sell,55830,1640274379047154,4775819907
49298.00,BTCUSD,492980000,Sell,21272,1640274379047154,4775819907
49303.50,BTCUSD,493035000,Sell,51238,1640274379047154,4775819907
49304.00,BTCUSD,493040000,Sell,8398,1640274379047154,4775819907
49305.50,BTCUSD,493055000,Sell,87139,1640274379047154,4775819907
49311.00,BTCUSD,493110000,Sell,59084,1640274379047154,4775819907
49314.00,BTCUSD,493140000,Sell,7,1640274379047154,4775819907
49316.50,BTCUSD,493165000,Sell,51488,1640274379047154,4775819907
